2986 5262
234 607 236 622 ,
356 478 1258 598 ss··ctcn·uott1so'stua

353 696 508 775 dicitur:
532 693 598 770 Illo
613 698 776 792 tamquam
801 677 1007 790 tycnsa'fuit
1022 693 1124 770 divini
1149 699 1282 776 hominis
1299 699 1375 782 'aaa
1465 671 1466 738 ἐ

355 825 399 914 &l
413 825 542 918 matio,
566 845 661 920 quam
678 815 766 918 quast
779 816 1013 918 caspeiiontes,
1020 835 1093 920 post
1108 823 1181 918 ejus
1201 827 1370 902 interitum

355 955 560 1031 veniebamus
591 947 791 1035 martiam,
816 960 852 1019 ut
879 947 1050 1042 uestigium
1078 947 1159 1020 iliud
1179 947 1305 1048 ipsum,
1329 956 1366 1027 in

352 1103 411 1184 gno
434 1077 488 1152 iiie
502 1091 692 1175 postrenum
716 1065 906 1170 institisset,
933 1075 1367 1155 consummatafGestterus

355 1225 441 1280 vate
465 1197 506 1279 dt
529 1199 705 1298 eleganter
720 1191 865 1292 corrigit
881 1213 1088 1295 exceptantes
1106 1219 1169 1295 pto
1184 1199 1366 1306 exspatian-

352 1340 413 1405 ιιι.
455 1325 513 1426 At
532 1317 784 1402 comestionem
802 1343 872 1396 non
892 1339 1061 1400 memorat
1083 1323 1282 1403 Ernestus.-
1306 1329 1360 1407 lta

352 1449 393 1528 dt
416 1423 516 1546 hujus
549 1445 618 1523 viti
648 1469 712 1547 per
732 1445 947 1530 Thesaurunt
969 1443 1096 1547 sparsas
1118 1449 1360 1531 Ciceroniana

353 1574 614 1653 emendationes
635 1626 651 1667 ,
673 1597 819 1674 quarum
842 1569 932 1650 haud
954 1597 1079 1674 parvus
1103 1597 1156 1652 est
1180 1599 1359 1672 numerus,

353 1701 486 1778 &alias
492 1693 636 1784 aliorum
647 1699 775 1792 ,veluti
786 1697 991 1794 Burmanni,
1006 1701 1266 1800 Oudendorpii,
1275 1705 1362 1782 Dra.

348 1827 579 1918 kenborchti,
597 1825 635 1906 in
658 1825 894 1916 Miscellaneis
911 1827 1115 1919 observat,
1146 1825 1362 1928 &Taylori‚

348 1952 569 2032 Marcklandi
579 2009 591 2043 ,
601 2031 604 2038 ,
615 1951 854 2047 Chapmanni,
870 1953 1025 2050 Jortirti,
1040 1951 1266 2052 peculiaribus
1285 1959 1360 2031 An·

259 2159 262 2168 ,
347 2077 449 2178 glicis
469 2075 565 2151 libris
577 2073 753 2172 proditas,
778 2074 838 2148 hat
855 2072 964 2172 igitur
979 2098 1123 2170 omnes,
1140 2077 1228 2153 nulla
1242 2078 1279 2159 in
1292 2103 1354 2156 no.

346 2206 393 2283 tis
420 2200 600 2280 mentione
620 2195 729 2290 faeta,
749 2198 921 2300 negledtas
954 2203 1156 2300 reperimus.

346 2365 354 2374 ·
394 2313 1111 2426 sednoifinemtaciamushujuscensurae.
1131 2329 1354 2428 Nainetiis,

346 2461 434 2560 quae
443 2453 604 2534 hadientm
619 2447 869 2546 disputavimus
877 2505 888 2542 ,
900 2449 1007 2527 facile
1013 2453 1219 2556 intelligitur
1229 2515 1239 2553 ,
1248 2483 1353 2536 unum

344 2583 470 2674 fuisse,
502 2597 580 2679 post
597 2589 731 2660 tenutas
752 2576 885 2668 literas,
908 2575 1199 2684 ,ursorumque
1232 2583 1347 2683 perie-

237 2721 242 2730 '
281 2793 286 2798 ,
342 2709 437 2786 diam
452 2704 711 2800 absolutamque
731 2695 798 2776 suis
814 2701 966 2780 numeris
989 2701 1182 2787 editionem
1208 2711 1349 2788 Cicero·

343 2836 398 2912 nis
424 2831 564 2908 efficere
594 2824 783 2924 potuisset,
814 2823 841 2904 st
851 2820 883 2915 ,'
902 2847 1068 2926 quantum
1091 2837 1135 2914 ad
1156 2833 1245 2913 hanc
1267 2823 1348 2936 pru·

233 2970 251 2983 ·’
317 2949 494 3036 ‘vindam‘
510 2950 624 3028 attulit
643 2947 840 3040 facultatis,
864 2949 1060 3042 doetrinae,
1083 2955 1241 3054 ingenii,
1268 2981 1341 3038 tan·

343 3105 419 3164 tum
448 3081 486 3158 io
520 3099 562 3166 ea
600 3075 771 3156 collocate
802 3075 962 3158 voluisset
1002 3079 1195 3177 temporis,
1237 3107 1343 3163 curae

342 3231 447 3314 etque
470 3203 684 3303 diligentiae
736 3201 839 3304 Quae
864 3201 956 3284 cuim
976 3201 1123 3282 virtutes
1150 3207 1261 3284 inesse
1285 3210 1346 3287 de·

276 3327 281 3334 ’
340 3341 427 3420 bent
449 3333 486 3412 in
502 3329 628 3407 critico
653 3327 902 3421 Ciceroniano,
928 3331 1070 3409 eximias
1088 3329 1125 3408 in
1149 3355 1193 3410 eo
1214 3335 1344 3412 exstare

339 3465 503 3544 vidimus.
566 3455 718 3532 Primum
744 3455 917 3532 literarum
952 3459 1153 3538 latinarum
1193 3461 1342 3538 Graeca·

205 3580 210 3607 ‘
339 3583 636 3692 rumquescientia
655 3581 812 3682 egregia:
838 3600 911 3658 tum
926 3581 1147 3679 Latinitatis,
1166 3585 1206 3665 dt
1223 3591 1260 3668 in
1274 3591 1339 3668 fin.

339 3717 429 3824 gulis
438 3713 571 3805 verbis,
588 3705 628 3785 dt
645 3705 869 3809 inanalogia,
883 3707 1157 3806 conſtruetione,
1176 3715 1338 3794 consecu-

272 3893 275 3903 ‹
337 3849 505 3944 doneque
532 3857 726 3937 tempotum
751 3857 792 3910 ac
816 3837 1016 3930 modorum,
1046 3837 1207 3936 cognitio
1236 3843 1339 3941 plane

338 3969 530 4077 lingolmis:
556 3983 630 4042 tum
661 3959 909 4040 Ciceronianae
930 3953 1185 4042 consuetudinis
1199 3967 1236 4044 in
1249 3949 1337 4068 figo*-

190 4159 203 4172 .
336 4101 385 4182 ris
406 4115 509 4203 atque
530 4087 706 4173 sententiis
720 4089 982 4210 intelligentia,
1005 4087 1051 4170 tit¹
1065 4091 1179 4171 seusus
1204 4095 1337 4174 numeri
