2970 5258
266 446 663 532 ‚antummum
690 451 1033 538 uuuvrourm
1086 487 1156 562 103

6 643 8 662 '
129 645 226 720 hunc
254 634 386 716 consalii
409 633 558 710 fructum
579 633 824 732 intercipiunt3
850 638 941 714 iuter
961 663 1040 736 quar
1063 641 1149 720 duae

6 801 8 808 ·
130 771 170 849 iu
194 763 314 866 primia
336 760 654 838 commemotonme
670 761 759 840 suut.
819 761 915 840 Nam
940 766 997 838 vel
1028 766 1146 862 legen·

129 913 192 970 reu.
224 889 395 966 brevitate
443 883 685 986 facilitateque]
727 887 891 986 istorum¹
921 894 1146 990 compendio.

133 1041 210 1094 rum
242 1011 407 1104 deliniti,
447 1011 611 1110 paulatim
643 1013 694 1092 ita
723 1015 767 1090 iia
795 1015 1072 1112 adhaerescunt,
1107 1035 1147 1094 ut

131 1145 176 1220 ati
190 1139 475 1242 ipsorummet
502 1159 687 1238 numquam
710 1143 875 1220 accedere
904 1145 1073 1237 audeant,
1107 1145 1146 1225 ἃ

131 1271 177 1350 ad
207 1269 347 1346 uomina
374 1267 461 1346 adeo
496 1267 662 1363 majorum
694 1291 837 1368 operum
871 1272 1145 1366 exhorrescant,

131 1418 196 1494 ac,
223 1395 333 1474 veluti
357 1391 502 1492 gustatu
515 1395 614 1484 luto,
643 1395 853 1496 propositum
894 1398 935 1472 ad
961 1397 1145 1474 ,doctrinae

127 1525 224 1610 feriet
247 1525 315 1598 ite'r
345 1519 538 1615 relinquant
566 1517 606 1595 rit
637 1522 816 1600 exanimo
849 1524 1024 1622 abjiciant.
1075 1521 1147 1600 Vel

130 1649 312 1748 ipsorum,
347 1646 408 1742 qui
428 1649 511 1722 tales
537 1645 672 1724 liberior
698 1651 913 1747 compilant,
947 1649 1145 1747 ignorantia

129 1785 236 1872 atque
258 1771 414 1848 socordia
434 1771 495 1864 lit,
521 1791 559 1846 ur
576 1794 686 1872 neque
707 1775 898 1852 Auliotum
920 1777 994 1852 illae
1010 1796 1144 1872 parter,

95 1945 100 1957 ·
131 1921 245 1998 neque
265 1922 307 1972 ea
333 1898 468 1972 ratione
488 1900 736 1997 exhibeantur,
759 1924 844 2000 quae
861 1903 1144 1980 accommodatae
1220 1941 1223 1957 ·

130 2027 198 2104 lint
219 2027 318 2124 hujus
346 2021 504 2100 utilitatis
526 2023 681 2102 consilio.
739 2031 857 2126 Atque
885 2030 976 2104 hanc
1003 2029 1145 2127 quidem

129 2153 360 2230 calamitatem
387 2149 557 2250 praestare
588 2170 706 2247 puteat
733 2151 1026 2228 Chrestomathiae
1057 2176 1144 2228 corr·

128 2279 253 2374 ditor,
286 2277 379 2360 illam
411 2295 483 2356 nou
512 2275 607 2354 item.
672 2279 792 2374 Itaque
819 2301 883 2354 nou
905 2279 1055 2356 maxime
1086 2278 1143 2355 illa
1291 2335 1323 2356 ..

130 2403 214 2478 dote
235 2401 335 2502 huius
355 2403 463 2481 libelli
487 2403 685 2490 conmori,
719 2421 797 2472 eum
821 2425 1141 2482 commemoramur.

123 2517 170 2608 Et
192 2531 342 2629 primum
363 2533 448 2608 illud
469 2552 540 2602 non
565 2543 617 2595 est
633 2524 901 2620 negligendum,
925 2526 1141 2604 Chrestuma·

125 2657 237 2730 thiam
261 2658 351 2728 hauc
377 2652 454 2726 esse
480 2650 817 2740 Graeco-Latinum,
842 2673 914 2730 nort
940 2669 977 2726 ut
1000 2653 1144 2728 Graecis

126 2781 218 2860 locis,
240 2779 379 2852 additae
401 2776 465 2851 srrrt
488 2771 632 2854 latinae
656 2774 851 2866 versiones,
885 2776 942 2852 sed
968 2797 1006 2852 ut
1032 2779 1141 2854 Grae-

127 2929 250 2984 corum
276 2920 456 3001 poemrmn
483 2899 572 2984 lucin
595 2898 747 2997 subjecti
772 2903 841 2978 lint
866 2903 934 2980 loci
958 2926 1139 3002 poctarum

126 3032 348 3121 Latinorum,
373 3029 433 3128 qui
449 3028 544 3104 idem
564 3037 803 3127 argumentum
818 3028 1014 3108 tractarunt.
1038 3031 1138 3132 Quae
1215 3005 1227 3015 “

126 3179 181 3238 ter
204 3181 286 3235 cum
307 3159 420 3234 valeat
442 3157 485 3232 ad
509 3155 728 3256 ingeniorum
744 3155 940 3246 censuram,
966 3154 1054 3230 haud
1078 3179 1138 3252 pa·
1209 3197 1217 3210 ·

125 3308 211 3364 rum
227 3283 447 3360 commendat
469 3283 640 3358 rationem
665 3289 766 3377 atque
788 3279 958 3378 judicium
982 3277 1137 3355 editoris.

125 3415 213 3488 suut
234 3429 320 3485 vcro
341 3407 471 3482 haecce
492 3407 598 3484 libelli
621 3409 744 3507 capita
776 3409 803 3483 I.
824 3403 1012 3482 Desccnsus
1026 3406 1067 3484 ad
1084 3408 1136 3484 iu·

125 3539 217 3614 feror
233 3535 305 3627 „h
331 3509 1136 3626 Ntxvouovrr'w‚ulisusexHomero‚ueneae
1258 3609 1262 3614 .

123 3687 171 3741 err
195 3663 377 3762 Virgilio,
403 3653 579 3758 Scipionis
598 3682 640 3736 ex
666 3659 753 3734 silio
773 3657 906 3735 Italico.
933 3661 977 3739 IL
994 3663 1134 3738 Oratio·

121 3813 185 3868 no
199 3787 536 3886 adversariorum
557 3785 595 3862 u
611 3784 728 3860 ursus
743 3785 834 3884 apuu
853 3787 975 3893 Quint.
1000 3793 1128 3866 earam.
1248 3767 1252 3777 '

127 3917 166 3996 ur
197 3918 395 4010 Ovidium,
429 3911 636 3990 Drancis&
661 3915 775 3990 Turni
796 3915 884 4012 apud
907 3913 1129 4012 Virgilium,

130 4047 313 4134 Hannmu
326 4041 374 4158 Ιδι
389 4039 541 4122 Galam
552 4040 643 4142 apud
659 4035 968 4138 Siliumltalicum
999 4041 1044 4117 ΙΙ.
1061 4023 1130 4114 hr-

604 4168 695 4262 04
769 4199 773 4210 ¹
1079 4191 1163 4266 gu·-
