2964 5252
373 529 419 611 2'0
521 508 829 598 EURIPIDIS
854 501 1254 584 TRAGOEDIAE

372 707 457 780 haec
495 695 620 774 somnia
663 691 937 787 interpretentur.
1016 677 1163 757 Viderat
1200 677 1299 753 enim
1345 679 1399 756 A.

374 827 479 906 chillis
509 843 623 898 manes
651 817 710 924 fibi
739 838 839 889 unam
870 809 1091 904 Trojanarum
1115 803 1252 879 donoa
1278 808 1393 882 Grae·

373 955 423 1030 cis
449 948 605 1050 poscere:
629 943 762 1018 viderat
782 939 884 1012 etiam
907 935 1042 1030 lupum,
1067 931 1127 1027 qui
1149 953 1196 1004 ex
1218 934 1296 1030 ejus
1311 959 1391 1034 gre·

372 1075 441 1156 mio
463 1073 643 1174 juvencam
662 1083 811 1166 raperet:
836 1075 1009 1160 praeterea
1024 1053 1184 1152 Polydori
1206 1057 1384 1136 obsmrnm

306 1218 310 1233 ‘
372 1201 541 1307 quoddam
559 1195 667 1271 visum
694 1191 736 1264 ad
758 1213 832 1262 eam
855 1183 1043 1272 acciderat,
1076 1179 1169 1275 quod
1191 1185 1279 1279 quale
1299 1187 1382 1260 fue.

372 1334 438 1424 rit,
462 1327 531 1426 ipla
542 1321 612 1424 jam
627 1343 695 1396 non
709 1310 785 1390 satis
798 1307 984 1384 meminisse
998 1304 1168 1382 videtur.”
1202 1309 1376 1402 avertite,

372 1459 502 1554 inquit,
527 1447 649 1536 oDii,
672 1431 757 1520 haec
781 1440 892 1518 omina
910 1460 931 1508 a
951 1434 1132 1506 hbcrorum
1154 1455 1305 1510 meorum
1325 1461 1378 1510 ca·

373 1582 512 1682 pitibua.
538 1577 667 1668 „Una
693 1569 902 1667 captivarum
917 1563 1020 1658 docet
1036 1561 1230 1652 Hecubam,
1256 1587 1379 1637 verum

375 1705 448 1781 ease
471 1704 543 1800 ejus
568 1695 750 1786 somnium;
782 1693 921 1769 Achilla
946 1687 1036 1760 enim
1060 1707 1173 1758 manes
1194 1689 1380 1784 apparuisse

376 1853 417 1906 ac
446 1824 656 1929 poposcisse,
681 1841 722 1894 ut
745 1819 803 1893 sabi
827 1815 942 1916 sponsa
956 1815 1047 1888 dono
1067 1811 1110 1886 ad
1127 1809 1253 1887 inferos
1269 1815 1379 1888 mitte·

377 1976 472 2032 retur
491 1978 512 2026 a
534 1949 690 2028 Graecis:
718 1949 923 2022 Graecorum
939 1940 1002 2014 hac
1018 1939 1062 2014 de
1084 1963 1121 2012 re
1143 1939 1286 2014 habitam
1301 1966 1376 2016 con-

377 2079 539 2166 cionem,
571 2075 731 2169 varieque
764 2071 983 2144 dehberatum
1004 2067 1096 2143 esse:
1129 2069 1376 2166 Agamemnone

375 2201 558 2288 suadente,
583 2198 704 2271 nullam
728 2217 796 2270 tam
816 2195 1015 2269 inhumanae
1032 2193 1208 2291 petitionis
1218 2198 1373 2272 rationem

376 2324 565 2402 habendam
592 2323 691 2412 esse,
724 2318 979 2416 Atheniensium
1007 2319 1147 2395 ducibus
1171 2323 1375 2400 Cassandram

376 2453 420 2528 ab
434 2449 566 2524 Achille
580 2447 654 2547 peti
673 2445 880 2536 dicentibus,
901 2445 1021 2521 vicisse
1040 2447 1147 2521 Ulislis
1159 2449 1371 2543 sententiam,

375 2577 584 2675 Polyxenam
601 2571 722 2648 Achilli
744 2571 986 2646 saluificandam
1006 2573 1257 2664 contendentis,
1277 2576 1371 2650 addit

219 2735 223 2746 ·
376 2699 524 2798 deniquo
546 2697 701 2796 captiva,
726 2697 832 2794 ipsum
850 2699 991 2774 Ulissem
1016 2717 1145 2773 tantum
1169 2723 1234 2774 non
1248 2699 1373 2792 adesse,

375 2847 417 2904 ut
429 2827 634 2922 Polyxenam
649 2822 691 2896 ad
706 2821 899 2897 sacrificium
918 2826 1063 2900 abducat
1089 2881 1113 2918 „
1128 2848 1228 2922 quare
1242 2846 1376 2901 conver·

377 2970 416 3028 te
438 2969 474 3024 te
490 2951 532 3025 ad
550 2957 641 3026 Deos
657 2948 695 3026 dc
714 2951 1023 3046 Agamemnonem,
1042 2951 1078 3026 in
1096 2949 1215 3047 quibus
1233 2951 1304 3024 solis
1319 2951 1377 3024 cibi

375 3079 489 3156 omnia
513 3075 622 3152 sunt.'’
663 3075 810 3148 Hecuba
833 3096 963 3151 tantum
985 3071 1199 3174 perturbata,
1223 3099 1377 3173 quantum

376 3221 519 3280 matrem
544 3199 587 3272 de
613 3197 746 3272 instanti
771 3199 857 3274 filiae
886 3201 988 3275 caede
1012 3201 1202 3300 perturbari
1224 3224 1380 3298 pareat,

376 3349 446 3406 non
461 3322 550 3398 fibi
535 3346 604 3420 Jam
631 3320 780 3412 constat,
805 3325 884 3400 hinc
912 3328 990 3402 inde
1011 3326 1182 3425 trepidans
1206 3330 1247 3404 ad
1269 3333 1378 3430 proxi·

377 3475 471 3528 mum
496 3449 530 3523 se
552 3447 639 3546 rapit
656 3453 836 3542 conclave,
861 3451 895 3525 in
917 3476 986 3548 quo
1000 3473 1054 3528 est
1077 3455 1268 3552 Polyxena,
1295 3476 1379 3526 eam

376 3597 444 3674 que
470 3577 612 3650 clamore
636 3576 676 3652 dr
709 3579 834 3674 ejulatu
864 3581 1003 3655 excitat.
1053 3577 1170 3656 Prodit
1193 3579 1378 3676 Polyxena,

377 3721 488 3796 neque
505 3700 668 3774 continuo
683 3703 796 3792 audit,
812 3702 890 3800 quid
907 3723 1013 3777 mater
1026 3704 1157 3780 adferat
1173 3705 1269 3778 mali:
1284 3729 1378 3803 quae,

378 3849 460 3901 curn
484 3821 594 3920 eloqui
618 3849 686 3900 non
707 3827 819 3925 posset
844 3831 956 3904 nuncii
979 3835 1214 3921 atrocitatem,
1238 3834 1377 3928 primun

378 3969 515 4051 tempus
541 3951 752 4027 lamentando
775 3955 963 4047 consumit,
989 3959 1123 4032 tandem
1148 3981 1227 4032 curn
1253 3955 1378 4055 gemitu

372 4077 458 4162 laec
469 4075 602 4180 profert
617 4083 741 4178 verba,
766 4137 792 4178 ‚,
816 4079 923 4163 visum
938 4057 1013 4180 est,
1039 4085 1161 4182 ofiha,
1188 4085 1330 4162 Graecis
1346 4103 1382 4186 te

1341 4202 1385 4282 ad
