2904 5248
160 511 337 594 suurn.
353 507 480 626 ,urss
504 475 583 584 un.
615 507 644 586 r.
671 501 718 583 n.
753 503 992 584 uruntur.
1046 490 1096 599 σς

82 717 124 773 ca
148 689 295 786 dialedlo
320 683 425 785 ea'que
450 671 846 764 recentiore'scriberet
870 685 1091 782 Tyrannum,

84 844 191 898 unum
209 835 286 920 post
303 813 481 889 hominum
498 813 701 886 memoriam
716 797 943 887 saevissimum
962 831 1001 883 ac
1017 831 1094 880 cru·

82 937 288 1026 delissrmuni
299 996 310 1031 ,
321 939 434 1013 literas
450 937 531 1012 dare
547 935 588 1011 ad
598 937 912 1036 variosmultosque
922 937 1090 1025 homines,

79 1075 198 1174 plenas
215 1063 441 1155 clementiae,
459 1061 701 1157 humanitatis,
726 1063 1013 1158 mansuetudinis,
1038 1061 1092 1138 ol·

81 1197 185 1302 ficii?
209 1195 275 1272 Nil
299 1191 453 1267 dicimus
472 1189 515 1264 de
532 1189 646 1264 multis
663 1191 863 1288 magnisque
881 1213 996 1266 earum
1011 1211 1093 1264 con·
1115 1270 1120 1291 ξ

82 1341 135 1398 tra
158 1343 355 1422 temporum
378 1320 601 1414 locorumque
625 1314 796 1388 rationem
818 1309 1055 1416 repugnantiis
1080 1329 1094 1386 t
1114 1300 1123 1371 l

81 1448 133 1523 nil
157 1449 201 1522 de
221 1446 551 1544 antiquissimorum,
579 1441 704 1540 quide
731 1442 908 1523 Phalaride
932 1430 1097 1540 prodide-

80 1591 182 1665 runt,
206 1571 362 1666 silentio,
387 1597 531 1671 quorum
553 1592 699 1644 neonus
722 1569 861 1668 quidem
886 1573 1004 1646 harum
1019 1567 1096 1664 epi·

82 1697 244 1772 stolarum
260 1698 474 1806 mentionem
494 1697 592 1773 fecit.
645 1693 714 1766 Sed
733 1693 914 1788 nimirum,
939 1695 1030 1772 aliud
1045 1711 1099 1768 est

85 1822 194 1897 murra
219 1819 375 1918 regare,
406 1821 496 1894 artur
519 1821 567 1895 tta
588 1820 743 1917 legisse,
776 1839 814 1893 ut
836 1821 897 1894 suo
920 1820 1100 1918 quodlibet
1213 1795 1225 1818 ”

84 1969 268 2026 momento
292 1947 524 2044 expenderes,
549 1943 586 2020 dc
603 1940 896 2020 aures'crerceres
910 1929 1100 2022 adsensum

85 2075 260 2150 variorum
285 2093 450 2170 generum
475 2071 668 2161 orationis,
693 2097 777 2167 qua,
805 2066 911 2145 veluti
929 2090 1021 2144 certa
1036 2091 1102 2144 vo·
1196 2096 1202 2104 ·

85 2223 151 2288 ce,
179 2193 291 2294 spuria
313 2223 332 2271 a
351 2197 442 2270 veris
461 2196 717 2294 dignoscuntur.
770 2197 954 2286 Ceterum,
970 2211 1008 2266 ut
1024 2211 1098 2271 non

84 2349 107 2418 a
126 2322 299 2400 Phalaride
313 2321 387 2396 sunt
399 2321 475 2396 illae
489 2301 741 2417 epistolae',ita
758 2345 827 2395 non
843 2343 949 2420 aeque
965 2318 1101 2394 constat

82 2447 129 2527 ad
158 2475 339 2551 quemnam
375 2439 549 2523 aridiorem
576 2445 777 2527 referendae
805 2446 880 2518 sint.
939 2443 1012 2514 Alii
1043 2465 1101 2516 eas

85 2576 244 2654 Adriano
254 2567 432 2676 Sophillae
448 2571 739 2659 tribuerunt,lroc
756 2591 826 2642 uno
842 2559 911 2639 levi
922 2586 1103 2658 argumen·
1153 2541 1160 2559 ’

86 2727 135 2799 to¹
151 2707 266 2794 dotti,
293 2701 384 2795 quod
414 2699 466 2784 is,
492 2691 578 2766 teste
609 2691 744 2780 Suida,
773 2693 933 2764 Phalarin
960 2687 1103 2784 scripsit.

89 2828 166 2907 Alii
201 2823 377 2897 audioreln
411 2837 527 2888 earum
551 2815 741 2889 Lucianum
769 2813 842 2888 esse
861 2811 1100 2907 crediderunt,
1165 2805 1181 2884 l

91 2932 239 3041 leviori,
252 2965 310 3022 aut
327 2942 422 3018 nullo
436 2942 786 3039 potius‚argumento
797 2941 908 3038 ,quod
926 2939 1018 3014 inter
1034 2942 1108 3038 ejus

88 3082 196 3158 libros
230 3095 316 3149 unus
349 3067 489 3160 sertur,
515 3065 573 3166 qui
605 3068 758 3141 Phalaris
789 3065 998 3144 inscribitur.
1047 3071 1101 3144 At
1131 3007 1200 3131 Ὗ

88 3200 231 3282 fortasse
267 3219 384 3272 earum
422 3193 566 3285 audior,
592 3190 741 3291 quisquis
772 3189 908 3283 suerit,
946 3191 1107 3291 antiquos
1242 3189 1250 3199 ’

89 3348 218 3424 eosque
238 3320 438 3419 deperditos
453 3341 565 3394 rerum
578 3319 767 3393 Sicularum
781 3317 965 3416 scriptores
981 3322 1103 3396 consu-

91 3453 181 3541 luit,
206 3466 244 3522 ut
261 3448 309 3521 ita
324 3445 710 3544 fingeretPlralaridem,
722 3464 782 3539 ut,
807 3445 919 3544 quoad
939 3447 1010 3544 ejus
1026 3447 1107 3527 fieri
1186 3515 1190 3520 .

92 3573 229 3676 posset,
254 3595 298 3648 ne
321 3572 425 3683 nimis
460 3597 480 3646 a
505 3573 654 3649 veritate
677 3573 896 3672 discreparet.
947 3566 1106 3650 Ne'hoo
1255 3559 1262 3568 ⁸

94 3699 234 3798 quidem
256 3699 329 3773 dici
353 3715 481 3795 potest.
535 3699 630 3774 Nam
657 3701 707 3773 ita
732 3699 770 3774 in
797 3698 852 3773 his
877 3698 1036 3775 omnibus
1053 3721 1111 3776 te·

94 3831 159 3906 bus
198 3830 332 3932 aberrat
342 3873 360 3921 ,·
390 3845 429 3900 ut
468 3849 538 3900 non
578 3845 709 3902 rantum
752 3849 772 3900 a
812 3825 923 3900 veteri
965 3823 1106 3916 Sicilia,

93 3955 154 4034 sed
177 3956 319 4032 omnino
341 3957 384 4030 ab
401 3955 472 4050 ejus
487 3951 608 4026 aetatis
623 3953 765 4053 ingenio
783 3953 912 4029 alienus
928 3949 1034 4025 fuisse
1050 3949 1107 4024 vi·
1182 4003 1193 4028 1

92 4081 224 4158 deatur.
279 4084 381 4157 Certe
397 4077 467 4180 ipsa
484 4075 702 4178 epistolarum
716 4079 806 4160 ratio
820 4101 861 4156 ac
878 4081 1019 4156 materia
1034 4097 1110 4150 ma·
1156 4109 1159 4118 =

144 4199 229 4282 Pa'rs
253 4208 305 4286 II.
641 4205 672 4284 E
819 4243 821 4250 ·
889 4308 892 4320 Ι
979 4201 1111 4282 nileste
