2964 5252
262 483 648 608 nutationes
678 489 1022 574 BREVIORE'S.
1070 521 1149 594 ἠρ
1216 437 1223 458 l

123 677 245 772 unes,
266 679 455 785 nutrirem
475 675 682 754 censendam
703 676 774 760 lunc
798 695 875 769 est,
906 695 947 752 ut
973 679 1146 760 minorum

134 809 244 884 etiam
282 803 556 904 privatarumque
594 800 836 880 collectionum
861 807 1145 884 'enumerationes

127 929 510 1026 ¹animadverliorribns,
551 928 657 1032 sicubi
689 931 869 1008 necatus
895 927 1068 1028 postulet,
1107 932 1144 1007 in
1265 968 1270 995 r

43 1092 52 1102 ’
125 1055 349 1134 eruditorum
399 1057 494 1134 usum
538 1059 731 1155 vulgentur.
794 1060 848 1134 Ita
881 1079 1027 1156 namque
1068 1056 1143 1155 spos
1243 1089 1244 1093 Ν

124 1181 252 1278 oritur·
285 1183 399 1282 operis
431 1183 612 1282 aliquando
642 1183 679 1260 in
716 1185 785 1262 hoc
818 1207 949 1284 genere
983 1180 1140 1259 absoluti.

125 1309 239 1385 'Haec
280 1333 360 1386 cum
401 1310 450 1386 ita
491 1311 582 1400 lint,
626 1311 769 1386 dubium
815 1309 915 1386 nobis
953 1329 1143 1404 nonest,

126 1433 220 1532 quin
259 1435 409 1512 cordatis
443 1437 527 1517 viris
563 1439 753 1536 peritisque
782 1457 895 1538 rerum
927 1456 1063 1536 gratum
1103 1435 1175 1528 li,

125 1585 208 1640 unus
243 1559 392 1652 satiari,
438 1559 463 1636 sa
500 1561 755 1661 huncquoque
790 1557 947 1664 ignotam
983 1561 1145 1640 nauem·

17 1705 22 1714 ·
121 1687 375 1762 ‘collentionem
400 1710 581 1763 nomnium
606 1691 799 1786 priscorum
831 1693 984 1768 Graecae
1007 1687 1045 1765 ἃ
1067 1691 1142 1764 Ro·

132 1833 256 1888 manae
277 1811 513 1910 antiquitatis,
547 1813 644 1888 edito
662 1814 699 1888 in
720 1815 832 1894 lucem
848 1817 993 1905 indice,
1029 1835 1049 1885 e
1072 1813 1140 1910 pri·

122 1939 224 2014 'vatis
244 1937 432 2052 parietibus
452 1939 754 2024 vindicaverimus.
805 1945 867 2020 Est
891 1941 1029 2044 quidem
1052 1961 1143 2015 tatur

124 2063 196 2140 iste
228 2083 410 2164 apparatus
441 2065 485 2140 iis
507 2066 583 2141 lere
613 2067 698 2142 locis
734 2069 924 2160 colemus,
959 2067 1142 2164 inquibus
1186 2126 1189 2134 ,

130 2209 229 2265 eruta
248 2177 449 2267 numismata
467 2191 583 2285 luere,
608 2193 646 2268 ἃ
667 2193 703 2266 in
725 2187 869 2289 angusto
887 2192 971 2266 licet
995 2215 1140 2266 numero

126 2315 193 2416 (sc.
218 2315 295 2390 fere
319 2316 421 2415 500.)
447 2319 626 2409 versetur,
659 2317 816 2392 continet
839 2337 956 2392 tamen
977 2319 1141 2414 quaedam
1239 2357 1242 2364 λ

123 2440 312 2516 rarissima:
337 2445 587 2540 Imperatorum
609 2445 846 2516 Romanorum
866 2441 989 2514 seriem
1006 2461 1140 2517 tautum

129 2591 200 2644 nnn
218 2569 374 2665 penam:
403 2569 554 2662 genuina
567 2585 654 2638 vero
664 2567 756 2660 jam,
782 2565 926 2662 expulsis
944 2587 1029 2664 quae
1044 2567 1138 2642 secus
1255 2559 1257 2566 ’

129 2691 355 2774 videbantur,
377 2688 514 2779 omnia,
545 2689 570 2763 li
598 2711 706 2789 pauca
731 2691 935 2789 exceperis,
959 2711 1045 2788 quae
1075 2688 1142 2766 suis

124 2814 216 2889 locis
249 2828 366 2886 notata
401 2811 655 2905 continuandae
687 2815 787 2891 seriei
826 2817 1062 2908 servavimus,
1100 2836 1140 2892 ut

125 2941 204 3016 sunt
222 2939 267 3014 T.
287 2937 516 3035 Vespassanus
534 2965 584 3038 gr.
610 2942 769 3016 Domitia
797 2943 1012 3034 Domitiani,
1036 2943 1139 3016 Anti·

127 3089 234 3155 nous,
262 3061 418 3136 Faustina
441 3063 575 3154 minor,
592 3067 750 3144 Pertinax
778 3067 817 3146 ἃ
840 3069 1034 3144 Gordianus
1059 3067 1136 3146 Ait.

128 3217 172 3267 ex
192 3207 356 3290 argento,
382 3185 419 3260 δι
442 3189 646 3272 Pescennius
668 3195 784 3296 Niger
798 3217 842 3268 err
864 3215 961 3284 aere,
986 3213 1137 3267 necnon

124 3317 243 3396 'Celsus
265 3315 305 3392 δι
330 3315 540 3390 Aemilianus
566 3338 618 3413 gr.
667 3321 721 3394 Ex
745 3321 930 3396 rarioribus
956 3337 1139 3394 occurrunt

126 3445 210 3537 hic,
227 3462 264 3518 ut
284 3463 327 3519 ex
350 3442 465 3518 multis
479 3443 589 3541 aliqua
606 3444 724 3520 saltem
744 3469 990 3538 memoremus,
1004 3445 1157 3540 Marius·

74 3565 77 3574 ¹
126 3595 171 3649 ex
188 3595 289 3648 auro:
306 3567 480 3670 Augustus
495 3595 574 3646 cum
593 3593 692 3668 capp.
709 3571 786 3668 Caji
802 3570 840 3648 uz
858 3573 980 3664 Lucii,
1006 3575 1137 3674 Agrip·

123 3700 206 3800 pina
232 3721 283 3798 gr.
309 3697 346 3773 in
363 3697 491 3796 triplo,
517 3696 698 3774 Domitilla
721 3699 831 3798 Vesp.
853 3700 1009 3776 Domitia
1026 3727 1077 3800 gt.
1096 3697 1135 3778 <lt

123 3829 183 3907 lat.
197 3825 360 3914 ¹Matidia
387 3849 440 3926 gr.
458 3821 497 3900 u
511 3823 568 3900 lat.
617 3825 824 3920 Marciana,
850 3828 1002 3920 Plotina,
1028 3825 1133 3924 Julia-

122 3974 210 4052 nus,
237 3953 429 4048 Scantilla,
455 3953 581 4047 Clara,
607 3953 833 4050 Pescennius,
859 3953 976 4034 Annia
1007 3948 1134 4027 Fausti»
1175 3991 1176 3997 κ

123 4099 129 4115 ·
599 4079 687 4175 lla
910 4161 915 4170 ,
1060 4100 1132 4174 nr,
1249 4093 1256 4102 ·
