2964 5252
267 455 347 538 rr
372 411 592 534 sorus.
616 455 987 538 Mosonnun:
1082 465 1139 560 sn

106 631 278 714 Achilles.
318 630 370 708 At
389 630 541 720 inimicos
561 631 678 730 ulcisci
698 631 801 711 vult?
825 631 960 712 Helena
978 629 1081 728 igitur
1095 629 1137 710 ei.

107 756 243 845 detur,
269 777 353 856 quae
376 757 488 848 caussa
508 756 574 836 suit
595 757 648 850 ei,
677 775 718 836 ut
746 757 886 855 Trojam
905 756 1044 835 veniret
1068 754 1131 831 ibi-

111 904 188 980 que
205 883 434 962 occumberet.
479 886 530 962 At
542 883 796 983 pulcherrimam
810 881 1141 980 exposcit,captiva·1

109 1007 229 1080 trun?
258 1007 342 1082 haec
370 1008 488 1086 eodem
509 1029 561 1086 est
587 1011 732 1092 Helena.
784 1011 1020 1088 Veruntamen
1044 1006 1134 1085 mulo

110 1131 227 1230 gratia
254 1131 294 1212 br
327 1135 495 1216 beneficiis
519 1155 634 1214 tecum
660 1133 892 1227 contendere,
924 1159 1025 1234 quam
1044 1135 1138 1234 jure.

115 1256 227 1364 Quod
251 1257 380 1370 srergo
396 1259 571 1360 aliquando
586 1277 623 1340 te
638 1259 820 1359 supplicem
835 1281 1053 1362 orantemque
1069 1257 1139 1344 sere,

111 1381 221 1472 vavi,
249 1401 325 1494 tute
350 1411 441 1466 nune
462 1387 605 1465 vicisim
628 1385 711 1461 meis
734 1385 890 1484 precibus
913 1385 1006 1464 vinci
1028 1381 1135 1491 potiag

113 1503 186 1596 ris,
210 1509 348 1608 ejusque
371 1511 454 1589 mihi
468 1509 637 1590 benefacti
649 1510 790 1609 gratiam
805 1511 940 1590 referas.
987 1507 1073 1584 Noli
1089 1529 1136 1588 ex

114 1631 353 1726 gremiomeo
373 1635 516 1712 avellere
539 1633 656 1716 filium:
681 1635 759 1714 satis
785 1636 867 1712 mihi
892 1654 1051 1712 natorum
1073 1653 1139 1708 ve«

120 1749 228 1836 strum
251 1756 385 1832 abstulit
406 1759 560 1852 ferrurn5
586 1761 670 1838 haec
687 1763 755 1859 jam
774 1761 911 1842 unicum
929 1759 1015 1838 mihi
1037 1757 1139 1834 relin-

115 1879 237 1974 quitur
255 1881 438 1979 gaudium,
469 1883 553 1961 haec
574 1885 737 1962 malorum
761 1885 842 1963 mihi
868 1905 922 1962 est
948 1879 1137 1962 oblivio&
1229 1939 1231 1944 ,

117 2003 291 2108 solatium,
324 2006 410 2082 haec
441 2011 569 2106 patria,
600 2013 747 2106 nutrix,
781 2011 962 2091 senectutis
992 2009 1137 2086 fulcrum

122 2127 164 2206 ἃ
187 2132 277 2217 ¹niae
305 2133 386 2208 dor.
444 2133 567 2218 Nolite
600 2137 694 2216 abuti
732 2135 905 2236 victorin,
935 2152 996 2210 aut
1026 2130 1137 2212 sortus

118 2259 329 2344 nomeobis
364 2257 493 2354 semper
519 2282 712 2356 prosperam
735 2277 857 2355 putare
876 2257 1036 2334 futuram.
1089 2255 1138 2334 Et

118 2399 188 2478 ego
209 2380 246 2458 in
269 2406 388 2483 magna
408 2381 460 2470 fui
473 2379 671 2472 felicitate:
682 2405 781 2475 quam
800 2406 886 2456 unus
905 2381 988 2454 mihi
1002 2377 1137 2458 abstulit

118 2494 202 2584 dies.
245 2507 330 2584 Noli
355 2528 573 2587 contemnere
596 2523 687 2582 meas
709 2525 844 2596 preces:
868 2504 937 2578 noli
953 2499 1138 2597 misericors

120 2627 211 2704 diam
230 2632 273 2700 ab
293 2631 404 2700 annno
427 2645 490 2702 tuo
511 2623 704 2700 excludere.
743 2629 857 2706 ‘Doce
879 2626 1049 2715 Graecos,
1071 2639 1135 2704 nes

121 2748 172 2828 fas
185 2749 276 2840 esse,
290 2751 446 2826 mulieres
462 2745 638 2838 occidere,
652 2745 773 2844 quibus
788 2751 887 2826 semel
901 2750 1137 2848 pepercerint,

123 2896 201 2950 cum
234 2893 435 2972 caperentur
457 2873 497 2952 ἃ
524 2896 545 2946 a
572 2873 730 2950 Deorum
755 2875 820 2952 aris
845 2874 1138 2970 abſtraherentur3

123 3000 242 3098 cepitis
263 2999 352 3074 idem
367 3018 420 3074 est
431 3000 487 3096 J'us
504 2997 670 3076 &liberis
688 2999 729 3076 sir
742 2998 853 3074 servis.
899 2998 1014 3092 Redi,-
1034 3023 1139 3098 quae.

55 3103 58 3114 ¹
123 3125 221 3219 so,in
236 3123 456 3216 concionem,
481 3122 520 3202 n
534 3125 637 3202 suade
658 3126 746 3202 hone
762 3121 1136 3220 Graecii'sententiamt'

126 3251 337 3352 persuadebis
367 3249 554 3350 profesto,
591 3251 621 3328 ‘ss
651 3252 761 3330 minus
790 3249 1007 3345 eloquentia,
1042 3270 1139 3330 certe
1263 3294 1266 3310 ι

126 3378 326 3462 sonoritate
335 3375 366 3452 ”.
389 3401 395 3414 ²
416 3373 514 3452 Nihil
536 3394 651 3474 potest
675 3375 844 3454 efficacius
866 3373 1053 3474 excogitari
1070 3375 1138 3453 hoe

129 3503 276 3588 sennone
299 3503 485 3592 Hecubae,
509 3525 586 3576 cum
606 3501 831 3600 argumentis,
863 3519 938 3578 tum
963 3501 1136 3578 commise·

126 3629 277 3732 ratione3
303 3645 342 3704 ut
356 3625 559 3725 spectatores
579 3627 681 3706 eriam
695 3628 808 3728 ii,qui
825 3625 954 3721 sciunt,
970 3648 1134 3725 quantum

129 3777 147 3830 a
168 3751 391 3830 misericordie
403 3751 578 3832 abironeat
597 3753 711 3830 Ulissrs
727 3752 917 3853 ingenium,
943 3771 1057 3830 tamen
1072 3753 1155 3828 sol·-

129 3879 209 3956 iiciti
222 3878 266 3954 de
281 3901 325 3954 eo
337 3878 421 3971 sunt,
444 3899 555 3976 neque
567 3879 758 3976 reperient,
783 3902 887 3978 quem
901 3875 1060 3956 orationis
1076 3901 1133 3954 co·

128 4006 230 4087 mem
250 4005 404 4106 antium
418 4005 565 4104 specim
578 4007 746 4084 Hecubae
762 4005 952 4106 objecturus
968 4001 1037 4080 stt..
1065 4001 1138 4100 Jgn

139 4159 141 4167 ⁴
191 4186 193 4195 ·
592 4133 671 4227 B4
1055 4147 1138 4242 -pm
1215 4135 1220 4144 '
