2904 5248
351 490 408 574 po
624 469 1133 564 ABULFEDAE,

349 652 513 740 nomina,
537 644 580 721 ad
601 669 664 722 not
679 647 853 745 pervenit.
901 649 972 724 Etsi
993 668 1108 725 autem
1128 647 1164 722 in
1181 649 1372 732 Poetarum*

346 799 482 881 quoque
515 771 658 852 numeio
694 799 714 849 a
739 775 936 874 quibusdam
968 793 1020 851 est
1051 777 1215 890 habitus,
1240 791 1368 854 tamen

208 1011 211 1018 Ι
346 905 438 984 haud
469 902 661 994 credimur,
685 927 764 980 eum
789 905 856 980 hac
878 923 953 980 arte
967 909 1112 981 multum
1128 901 1366 1004 praestitisse,

343 1033 507 1134 siquidem
529 1030 648 1108 inhac
659 1031 737 1128 eius
753 1031 871 1124 laude,
896 1034 1070 1130 parciores
1086 1031 1163 1106 sunt
1183 1029 1360 1122 historici,

345 1185 412 1238 nec
450 1155 588 1256 aliquod
613 1156 685 1252 ejus
713 1158 857 1256 poeseos
887 1159 1060 1256 specimen
1084 1157 1355 1252 conservarunt,

343 1285 436 1388 quod
451 1307 530 1360 raro
546 1284 765 1382 caeteroquin
778 1284 821 1358 ab
838 1284 902 1358 iilis
919 1279 1110 1376 omittitur,
1127 1267 1187 1360 ubi
1204 1283 1243 1364 in
1265 1287 1360 1360 Poe·

342 1433 399 1495 tae
424 1411 599 1508 eujusdam
619 1411 775 1510 laudibus
794 1407 984 1489 versantur.

389 1543 524 1616 Verum
540 1539 652 1639 magis
663 1534 969 1636 constat,qoantus
985 1537 1041 1614 vir
1055 1535 1357 1620 fueritnbuifeda

318 1673 378 1748 ‘in
396 1668 509 1746 studio
525 1663 743 1740 historiarum
756 1657 796 1734 dt
810 1661 1362 1766 geographiae,quandoquidem
1427 1733 1428 1742 ,

338 1801 408 1876 duo
429 1793 535 1874 hodie
548 1789 724 1890 supersunt
738 1791 810 1885 ejus
821 1788 919 1882 libri,
939 1789 1120 1867 historicus
1137 1794 1241 1882 alter,
1271 1795 1366 1868 alter

337 1921 620 2024 geographicas,
643 1915 765 2017 quibus
794 1917 1050 1994 conscribendis
1083 1938 1257 1995 aeternam
1291 1921 1360 1998 fibi

337 2051 489 2124 nominis
512 2047 638 2122 sarnam
661 2047 697 2118 in
718 2061 864 2139 utroque
881 2041 951 2116 hoc
974 2065 1105 2141 genere
1120 2046 1359 2144 comparavit.

336 2169 511 2250 Historici
535 2168 671 2266 operia,
704 2166 794 2262 quod
821 2170 964 2265 Epitomr
984 2171 1134 2267 historiae
1158 2177 1359 2274 universalis

334 2295 551 2386 inscribitur,
574 2293 680 2390 longe
703 2293 813 2390 major
837 2315 935 2388 pars,
960 2317 1123 2394 quaeres
1148 2297 1185 2372 in
1203 2301 1379 2378 Orientet

338 2421 548 2533 gestas'inde
566 2437 684 2492 anato
698 2415 947 2494 Mohammede
963 2422 1006 2496 ad
1022 2417 1067 2495 Α.
1086 2424 1133 2498 H.
1150 2431 1249 2518 406,
1271 2427 1358 2500 Chr·

339 2569 456 2644 1015,
484 2543 751 2645 complectitur,
777 2541 917 2618 erudiris
942 2542 1092 2624 innotuit
1115 2552 1222 2625 latina
1248 2549 1357 2624 versi·

336 2701 405 2756 one
428 2673 587 2765 Reiskii‚
612 2695 712 2770 quam
737 2671 846 2747 edidit
862 2669 952 2769 Lips
971 2695 1085 2767 1754,
1111 2674 1358 2774 inscripsitque

337 2805 479 2884 Annales
503 2799 723 2886 Mossrmicos,
749 2795 865 2870 addita
891 2797 1126 2894 praefatione,
1152 2800 1188 2876 in
1214 2827 1284 2900 qua
1310 2805 1357 2878 de

337 2931 418 3009 libri
441 2927 558 3004 indole
582 2942 685 3021 atque
699 2923 832 2996 meritis
856 2899 1072 2998 accurate&
1089 2927 1223 3004 erudite
1245 2930 1355 3004 disse·

336 3059 419 3141 ruit.
447 3057 581 3131 Totum
601 3023 818 3146 'vero'opum
844 3049 886 3123 ad
908 3073 1021 3127 rerum
1035 3051 1265 3132 Orientalium
1290 3083 1355 3133 co·

335 3180 532 3286 gnitionem
556 3173 790 3284 utilissimum,
815 3191 854 3247 ut
877 3173 1027 3251 Arabice
1059 3181 1244 3274 ederetur,
1265 3181 1353 3256 sue·

335 3327 418 3386 runt
440 3305 578 3406 quidem
604 3298 725 3392 multi,
753 3297 810 3397 qui
835 3298 1059 3382 vehementer
1080 3328 1259 3408 optarent,
1285 3309 1354 3386 sed

335 3461 466 3529 nemo,
499 3431 557 3532 qui
584 3432 640 3506 vel
666 3427 774 3544 ipsam
799 3427 987 3508 editionem
1012 3435 1220 3536 susciperet,
1253 3440 1316 3512 vel
1337 3495 1355 3532 ,

334 3591 414 3643 curn
429 3559 597 3658 suscipere
613 3555 738 3649 vellet,
762 3575 931 3638 emtornm
949 3587 1092 3641 numero
1108 3565 1146 3641 dt
1159 3564 1357 3641 liberalita-

294 3772 300 3780 ,
334 3711 373 3770 te
395 3690 621 3788 adjuvaretur.
671 3689 789 3786 ltaque
810 3687 887 3766 sunt
916 3691 1154 3772 tantummodo
1176 3688 1361 3790 quaedam

333 3819 452 3920 capita
477 3815 512 3890 in
535 3815 647 3888 lucem
672 3811 817 3903 emissa3
850 3813 959 3890 veluti
980 3819 1053 3894 vita
1072 3819 1356 3896 ‘Mohammedis

332 3949 503 4046 aJoanne
529 3937 740 4039 Gagnierio,
768 3943 901 4019 Oxonii
921 3965 1035 4040 17233
1061 3950 1231 4043 paneade
1251 3949 1355 4049 regi·

333 4077 396 4150 bus
412 4073 564 4147 Arabum
581 4069 952 4146 anteMohammedem
965 4125 979 4164 ,
995 4071 1038 4144 ab
1053 4071 1200 4153 Alberto
1217 4077 1355 4152 Schul-

329 4198 466 4301 tcnsro,
498 4195 536 4276 in
564 4193 720 4280 Historia
742 4195 1027 4326 lotionidururn,
1050 4223 1157 4298 opere
1190 4205 1346 4294 assesso,

946 4349 951 4362 ·
1259 4326 1350 4422 sed,
