2964 5252
373 529 446 592 ras
496 489 1291 582 RELATIONESBREVIORES.
1387 593 1393 604 ι

373 713 450 782 eur,
476 689 536 790 qui
553 701 695 786 operam
720 679 934 758 collocarunt
956 681 992 760 in
1017 679 1280 760 constituendis
1302 709 1395 789 regn

226 852 229 860 ·
373 817 417 895 iis
437 815 484 890 ‘ad
508 807 829 907 interpretatibnem
853 807 950 882 Sacri
968 807 1118 885 Codicis.
1154 804 1260 890 Nam
1283 840 1391 916 quam.

260 969 269 1008 r
374 961 479 1043 quam
512 937 546 1011 ei
573 935 610 1010 in
642 933 711 1008 hoc
736 955 865 1034 genere
897 933 966 1031 iarn
997 937 1197 1033 praeiverat
1225 943 1392 1030 Matthia

375 1065 530 1158 Fiacius,
555 1085 599 1138 ex
626 1061 722 1162 cujus
753 1067 846 1139 Claui
869 1065 1051 1162 Scripturas
1078 1062 1170 1138 haud
1197 1089 1307 1164 pauca
1332 1076 1387 1151 de.

376 1195 510 1286 sumsit,
544 1189 618 1290 ipse
642 1205 757 1264 tamen
787 1211 858 1264 non
880 1187 988 1264 solum
1017 1189 1122 1266 variis
1143 1191 1181 1269 in
1204 1195 1292 1273 iocis
1311 1201 1382 1276 Fia-

370 1325 470 1403 cium
493 1315 711 1407 emendavit,
735 1313 792 1390 sed
810 1333 988 1415 praeterea
1014 1317 1110 1392 aurit
1132 1317 1289 1418 inprimis
1309 1349 1379 1402 rem

295 1518 299 1530 ,
374 1445 645 1528 Grammaticam
668 1461 723 1519 tot
743 1445 847 1521 novis
869 1467 911 1522 ac
932 1444 1115 1546 praeclaris
1141 1449 1376 1525 observationi·

375 1581 465 1659 bus,
498 1575 686 1674 exquibus
713 1589 899 1674 praecepta
925 1569 1071 1646 duceret
1100 1573 1140 1648 ad
1163 1577 1373 1675 explicandas

284 1707 294 1722 “
376 1705 505 1782 formas
520 1700 680 1802 loquendi
699 1701 844 1777 Veteris
868 1721 909 1773 ac
927 1698 1027 1774 Novi
1042 1699 1281 1799 Testamenti,
1296 1726 1334 1781 ut
1349 1707 1373 1784 is
1433 1787 1434 1800 ,

374 1827 453 1906 fere
475 1827 594 1904 haberi
618 1828 763 1919 debeat,
789 1826 849 1926 qui
876 1825 1005 1926 primns
1028 1829 1119 1901 bene
1142 1827 1371 1930 interpretandi

377 1957 473 2034 viam
489 1953 707 2056 patefecerit.
756 1955 1024 2030 Verumtamen
1047 1977 1126 2032 cum
1149 1959 1255 2058 major
1265 1959 1301 2035 srt
1311 1982 1367 2036 no

375 2083 446 2164 stra
471 2098 585 2160 aetate
607 2083 728 2158 lterum
751 2083 926 2158 literarum
950 2081 1029 2172 lux,
1055 2087 1266 2185 multumque
1287 2109 1367 2161 com·

267 2235 274 2256 ·
378 2227 509 2288 mutata
530 2206 618 2282 ratio
643 2207 895 2306 interpretandi
911 2207 1016 2284 libros
1032 2211 1173 2302 Sacros,
1189 2210 1260 2286 fieri
1280 2211 1365 2284 aliter

378 2361 451 2417 non
476 2353 612 2434 potest,
637 2331 721 2432 quin
745 2335 841 2430 plura
867 2335 1032 2434 superfint
1054 2339 1110 2412 vel
1136 2331 1363 2412 accuratius&

377 2465 528 2566 plenius.
547 2459 810 2560 perttaeianda,
845 2464 902 2538 vel
926 2461 969 2536 ad
991 2463 1249 2538 emendatiorem
1272 2462 1364 2558 buyns

377 2589 483 2666 seculi
506 2587 646 2662 modurn
671 2587 882 2690 refingenda.
935 2590 1042 2694 Quod
1063 2605 1099 2660 ιιι
1118 2611 1139 2661 a
1158 2587 1228 2663 viro
1250 2588 1355 2686 perito

376 2713 418 2791 ἃ
438 2713 476 2790 in
494 2711 569 2788 ‘hoc
589 2709 777 2788 studiorum
801 2735 930 2814 genere
955 2714 1144 2791 exercitato
1164 2715 1278 2806 fieret,
1302 2739 1355 2812 op·

377 2842 519 2919 tandum
550 2859 622 2914 erat
654 2841 765 2939 magis
796 2863 897 2939 quarn
922 2839 1151 2940 sperandum:
1188 2838 1357 2939 fiquidem

265 3053 268 3058 ¹
375 2963 512 3041 ‘Glassso
545 2985 662 3063 parem
695 2965 767 3041 erse
790 2971 993 3068 oportebat,
1024 2967 1087 3065 qui
1118 2967 1213 3044 bunc
1235 2971 1361 3042 laborem

379 3091 596 3191 susciperet:
629 3115 649 3168 u
678 3091 815 3168 Dathio
843 3113 959 3170 autern
987 3095 1036 3171 V.
1073 3097 1127 3172 cl.
1157 3093 1281 3170 fabium
1305 3091 1362 3166 esse

380 3223 596 3298 laetabuntur
621 3243 760 3311 omnes,
786 3197 845 3319 qui
870 3221 1014 3319 inignia
1034 3222 1135 3321 hujus
1157 3223 1226 3299 riri
1245 3221 1283 3295 de
1302 3219 1363 3292 lite·

379 3349 427 3425 ris
447 3346 680 3425 Orientalibus
707 3347 832 3422 merita
863 3369 1090 3446 cognoscunt.
1140 3353 1225 3428 Nos
1251 3343 1360 3448 quiden

381 3477 499 3553 laetati
530 3477 642 3552 sumus
671 3475 925 3568 vehementer,
958 3475 997 3557 ἃ
1021 3477 1191 3570 omnino,
1210 3473 1267 3551 etii
1283 3469 1361 3550 serius

378 3625 482 3700 qnam
508 3625 569 3701 par
584 3617 665 3695 est,
698 3615 814 3678 tamen
830 3599 876 3676 de
910 3627 1003 3682 nova
1025 3608 1091 3684 hae
1117 3605 1274 3680 editione
1291 3597 1341 3674 rei
1352 3637 1363 3656 ·

377 3723 526 3802 rendum
550 3725 726 3822 donimus,
742 3753 851 3831 quae,
877 3731 969 3826 sola,
993 3751 1031 3808 ut
1063 3729 1259 3825 eredimus,
1280 3725 1362 3803 libra·

381 3853 511 3929 riorum
543 3851 731 3945 socordia,
762 3856 967 3936 nostratibus
1000 3857 1155 3936 nondum
1189 3855 1296 3958 magia
1324 3853 1361 3929 in

380 3981 509 4056 notuit.
575 3981 663 4062 Casu
690 4000 806 4061 autem
827 4007 989 4084 perquam
1013 3983 1161 4062 fortuito
1181 3987 1221 4061 se
1250 3983 1291 4060 ad
1318 3978 1364 4053 hu·

184 4183 188 4196 ,
341 4105 430 4228 ¹int
456 4104 619 4191 editionis
650 4134 767 4192 euram
798 4113 947 4195 delatum
977 4111 1049 4190 esse
1078 4113 1201 4196 scribit
1227 4104 1366 4194 Drsbint·

126 4279 129 4289 .
370 4280 375 4293 .
832 4292 835 4301 ,
1306 4225 1364 4310 Ni.
