2956 5268
403 513 473 591 ns
531 465 964 584 -oissnurnrso
993 509 1067 589 ou
1099 489 1250 590 viru
1357 555 1359 568 ·

874 733 923 810 V.

394 886 643 1060 Dissertatio,
672 947 714 1032 de
748 949 842 1034 Vrta
869 947 919 1046 ἐξ
947 949 1101 1059 Scriptis
1119 948 1307 1062 Lougim‘5
1327 978 1396 1022 ..r

369 1157 374 1164 .
439 1089 601 1202 praeficit
611 1087 941 1172 Dault'ulnaenu.
954 1089 1006 1198 (4
1019 1092 1118 1199 plag.
1130 1090 1394 1203 formaequar·

369 1230 542 1340 Utar)
562 1229 739 1336 Lugduni
753 1228 888 1312 Batus.
915 1237 1035 1334 1776.
1143 1228 1148 1237 “

368 1401 497 1528 Inter
511 1428 626 1507 omnia
641 1427 785 1510 criticae
799 1439 879 1517 artis
896 1453 1034 1510 munera
1050 1437 1151 1532 illud,
1175 1438 1245 1518 fine
1261 1445 1391 1542 dubio,
1438 1493 1439 1564 q

381 1561 564 1639 maximam
597 1581 675 1632 cum
704 1543 917 1636 humanitate
949 1564 1052 1639 habet
1081 1567 1392 1664 conjunslionem,
1438 1637 1439 1640 ,

309 1665 311 1668 ’
380 1685 473 1784 quod
506 1707 707 1782 magnorum
739 1687 957 1787 ingeniorum
978 1693 1181 1767 memoriam
1201 1695 1391 1790 instaurat,

371 1831 606 1937 operumque,
628 1809 792 1908 temporis
818 1815 940 1911 injuria
963 1805 1195 1934 perditorum,
1227 1819 1391 1898 notitiam

378 1934 529 2025 excitat,
548 1929 589 2010 ac
604 1937 796 2034 posteritati
811 1935 978 2014 studiosae
991 1939 1219 2022 commendat
1260 1942 1392 2048 Neque

376 2064 490 2150 enim,
515 2058 693 2176 professo,
719 2059 789 2128 hoc
814 2049 1013 2158 quidquam,
1037 2069 1151 2140 velud
1168 2070 1392 2154 humanitatis

285 2256 286 2264 ,
374 2167 552 2263 scientiam
567 2181 807 2280 praestantius,
833 2185 890 2256 vel
907 2186 949 2270 ad
966 2187 1059 2262 vitae
1076 2189 1169 2266 usum
1184 2181 1393 2278 srulluofius

375 2313 447 2388 esse
469 2325 597 2410 potest.
644 2307 699 2380 Ex
722 2331 790 2403 quo
811 2331 938 2406 genere
960 2309 1103 2386 haecce
1113 2339 1163 2391 est
1179 2321 1394 2419 Disputatio

372 2439 416 2514 de
438 2437 511 2512 vita
533 2433 571 2510 dt
594 2431 729 2528 scriptis
750 2431 912 2531 Longini.
958 2434 1071 2535 Quam
1089 2441 1225 2537 quidem
1246 2451 1398 2544 plenam

371 2565 443 2642 esse
456 2558 640 2662 exquisitae
657 2575 904 2655 accurataeque
922 2558 1113 2655 doslrinae,
1140 2566 1242 2644 facile
1260 2595 1313 2648 ex
1333 2602 1401 2654 no·

371 2691 466 2766 mine
482 2681 737 2760 Ruhnkeniano
754 2683 968 2783 inteligitur.
1016 2688 1082 2762 Sed
1097 2693 1195 2767 uobis
1212 2694 1309 2771 haud
1324 2701 1398 2777 mi·

371 2841 433 2893 nus
448 2809 747 2886 animadvertenda
764 2807 902 2880 videtur
919 2807 1089 2886 scribendi
1109 2815 1183 2908 illa,
1210 2843 1297 2916 quae
1314 2831 1396 2900 vul-

276 2955 281 2962 ·
373 2963 421 3039 go
445 2959 465 3008 a
489 2929 598 3006 doslis
622 2929 726 3003 etiam
742 2927 824 3002 viris
839 2933 1045 3028 negligitur,
1073 2961 1150 3012 curn
1165 2941 1310 3040 simplex
1328 2974 1391 3027 na·
1438 3019 1439 3058 3

371 3067 512 3160 tivaque
533 3053 710 3144 venustas,
736 3069 808 3125 tum
831 3053 1054 3151 perspicuitas
1079 3063 1320 3169 elegantiaque
1350 3079 1389 3157 in
1438 3073 1439 3086 ’

371 3181 581 3284 explicandis
601 3175 867 3272 illustrandisque
892 3177 996 3280 vitis,
1020 3188 1192 3282 moribus,
1218 3194 1386 3294 ingeniis·
1438 3171 1439 3256 ζ

372 3313 490 3415 Quare
514 3305 662 3405 primum
686 3301 787 3412 ipsius
811 3307 925 3381 verbis
950 3313 1096 3390 ausloris
1123 3317 1165 3394 de
1184 3319 1257 3394 vita
1274 3319 1317 3398 dr
1335 3326 1388 3402 in.

372 3437 479 3540 genio
498 3429 650 3529 Longini
667 3428 873 3521 reseremus3
898 3461 998 3536 quam
1014 3461 1145 3536 partem
1161 3446 1294 3522 nemini
1308 3475 1385 3530 non

371 3564 517 3664 cognitu
538 3555 812 3656 jucundissnnam
837 3559 913 3636 sore
938 3565 1158 3660 confidimus3
1187 3556 1317 3649 deinde
1339 3581 1388 3652 de

371 3693 443 3792 ejus
459 3683 614 3782 scriptis,
630 3681 669 3758 δι
684 3683 783 3780 hujus
798 3683 1035 3782 disputationis
1049 3695 1165 3787 bonis,
1185 3697 1388 3783 summatim

297 3841 301 3848 ²
371 3832 593 3914 exponemus.
639 3807 824 3884 Audiamus
840 3810 950 3908 ipsum
966 3815 1149 3898 austorem.

420 3996 444 4032 „
469 3938 683 4038 Quamquam
711 3935 823 4010 bonae
844 3935 1019 4016 literae&
1043 3947 1214 4042 praeclara
1238 3951 1389 4050 ingenia
1438 3927 1439 3932 Ἰ

368 4064 483 4144 seculo
508 4061 615 4138 tertio
639 4085 704 4141 una
728 4085 807 4140 cum
822 4061 898 4162 ipso
913 4067 1062 4167 irnperio
1080 4071 1241 4154 Romano
1259 4085 1390 4159 conci.

1243 4187 1246 4199 ἱ
1322 4205 1389 4308 deq
