2956 5268
147 509 223 625 ort
247 539 401 618 nnrr.
426 539 458 637 J.
484 533 529 610 n.
556 511 967 606 saussaium.
993 525 1038 606 n.
1063 543 1090 618 ς

80 717 343 808 meminisse,
368 735 438 814 quo
462 731 578 786 errore
591 705 764 806 praeclara
786 703 900 780 indole
916 699 1015 774 musti
1033 700 1088 795 jn·

81 873 191 926 venes
210 849 385 936 labuntur,
412 836 591 914 hominnm
607 827 834 911 admiratione
849 829 1013 926 deceptus
1030 825 1081 906 sib

78 971 155 1072 ipse
178 969 316 1070 plausit,
338 964 376 1044 dt
401 967 517 1043 onmia
541 966 576 1040 se
601 962 672 1064 jana
702 961 827 1037 summa
860 953 1083 1031 consecutum

80 1095 261 1191 arbitratus
277 1122 323 1192 ‚a
343 1091 595 1193 disciplinarum
623 1091 741 1168 studiis
773 1109 814 1161 ac
842 1082 1082 1181 magistrorum

82 1215 333 1301 exercitatione
355 1219 518 1302 discessit.
566 1203 660 1296 Narn
680 1241 761 1296 curn
784 1214 821 1287 in
847 1209 996 1284 dicendo
1014 1203 1089 1284 ani·

81 1373 159 1425 ntus
199 1349 273 1447 ejus
316 1347 517 1446 spiritusque
553 1327 790 1426 vehementius
808 1333 1088 1425 intenderetur,

81 1499 184 1576 quarn
213 1477 372 1574 corporis
398 1463 615 1552 imbecillitas
635 1473 728 1548 serre
755 1467 853 1572 posse
875 1461 1087 1550 'videretu13

79 1599 153 1694 iili,
178 1601 301 1702 quibus
319 1607 439 1682 charus
456 1623 546 1700 erat,
559 1627 639 1682 eom
652 1601 894 1687 hortabantur,
903 1611 942 1666 ut
959 1587 1088 1678 caussas

80 1750 187 1828 agere
209 1729 396 1806 desisteret.
444 1733 507 1808 Ille
530 1755 618 1808 vero
645 1727 789 1830 quodvis
806 1722 872 1798 *srbi
896 1715 1090 1793 adeundum

78 1873 175 1931 ratus
190 1857 383 1956 periculum
392 1911 407 1951 ,
426 1879 501 1932 nea
515 1855 647 1955 sperata
662 1848 800 1930 dicendi
814 1843 924 1944 gloria
939 1841 1094 1918 discede·¹

77 1975 133 2058 ret
144 2035 161 2078 ,
184 1983 347 2060 inAsram
361 1982 537 2111 profestos
551 1999 621 2074 cst,
647 1997 706 2073 ut,
723 1989 936 2056 commutato
952 1957 1094 2046 dicendi

78 2125 226 2208 genere,
252 2099 472 2206 temperatius
487 2106 606 2181 dicere
624 2105 841 2179 assuesceret.
874 2101 961 2170 Cum
977 2092 1097 2165 Athe-

78 2249 140 2308 nas
164 2232 341 2326 venisset,
373 2231 433 2306 sex
458 2227 593 2306 menses
620 2239 701 2304 curn
727 2219 935 2312 Antiocho,
958 2217 1088 2294 vereris

76 2351 287 2434 Academiae
309 2356 570 2457 prudentisfimo
586 2351 795 2453 philosopho
809 2347 897 2438 suit,
922 2315 1087 2420 studium·

76 2505 146 2580 qne
159 2478 399 2582 philosophiae
414 2507 598 2586 numquam
614 2477 843 2558 intermissum
857 2495 896 2566 ,a
910 2471 1088 2570 primaque

2 2675 3 2678 r
73 2601 303 2692 adoreneum
331 2613 460 2687 cultum
481 2607 521 2683 dc
543 2605 677 2701 semper
695 2598 851 2682 austum,
879 2595 946 2668 hoc
963 2597 1089 2666 iterum

2 2739 4 2748 “
74 2733 211 2812 stunmo
224 2733 387 2815 ,nonore
420 2733 460 2808 or
482 2730 653 2820 auttors3
683 2719 900 2800 renovavit:
926 2713 1100 2812 simulque

73 2857 228 2937 studiose
242 2854 281 2933 in
290 2849 776 2948 dicendoexeieeba'turapud
791 2843 1007 2924 Demetrium
1024 2843 1107 2941 Sp„

73 3004 184 3060 rum..
210 2981 333 3057 Postea
348 2991 456 3054 totam
471 2978 586 3055 Asiat'n
601 2959 805 3076 peragransq'
827 2973 995 3058 summos,
1012 2966 1089 3065 qni·

74 3111 140 3186 bus
156 3127 229 3182 tum
240 3103 400 3200 earegio
413 3103 743 3190 florebat,or'atores
762 3091 866 3186 adiit,
883 3109 960 3168 'curn
976 3093 1085 3190 iisque

71 3236 111 3314 se
131 3231 299 3312 exercuit
349 3213 478 3328 Neque
499 3225 555 3302 his
576 3237 759 3302 contentus
784 3217 950 3296 Rhodum
974 3220 1084 3296 etiarn

74 3359 205 3465 venit,.
218 3355 323 3474 seque
348 3348 475 3432 iterum
497 3355 535 3429 in
546 3347 705 3432 Molonis
725 3345 822 3421 dedit
837 3345 1081 3444 disciplinam,

73 3483 203 3564 nitoris
223 3475 390 3559 verarum-
405 3481 598 3554 caussarum·
610 3471 853 3574 scriptorisque
867 3471 1084 3569 praestantis·

72 3613 152 3692 suni
166 3609 255 3708 ‚us
269 3609 306 3684 in
342 3593 585 3702 instituendo,
609 3599 938 3691 animadvertendo,
963 3615 1086 3674 notan·

76 3735 350 3836 disque-sitiit,
369 3724 624 3833 prudentissniii
644 3729 843 3828 magistri
836 3727 995 3804 Cumita
1005 3729 1082 3821 ,tfir-

74 3861 270 3949 matusab'
244 3879 458 3958 usurpans,
448 3849 782 3956 consummatusque
795 3872 924 3945 orator,
941 3855 1082 3928 domurn

75 3989 253 4084 rediisset,
276 4011 335 4064 ne
347 3987 393 4062 fic
417 3985 555 4086 quidem
572 4009 606 4059 s
603 3981 719 4057 literis
736 3980 775 4056 ἃ
790 3979 1087 4054 commentatione
1118 3985 1123 3996 ’

79 4112 248 4210 destitit
280 4113 340 4192 sed
366 4112 563 4201 facultatem
573 4094 741 4215 quotidie
763 4105 856 4202 stram
879 4107 962 4186 stilo
981 4123 1092 4200 atquo.

142 4283 146 4298 ·
614 4238 705 4335 A3
988 4251 1083 4306 exer·
