<?xml version="1.0" encoding="UTF-8"?>
<!DOCTYPE html PUBLIC "-//W3C//DTD XHTML 1.0 Transitional//EN"
    "http://www.w3.org/TR/xhtml1/DTD/xhtml1-transitional.dtd">
<html xmlns="http://www.w3.org/1999/xhtml" xml:lang="en" lang="en">
 <head>
  <title>
</title>
<meta http-equiv="Content-Type" content="text/html;charset=utf-8" />
  <meta name='ocr-system' content='tesseract 3.04.00' />
  <meta name='ocr-capabilities' content='ocr_page ocr_carea ocr_par ocr_line ocrx_word'/>
</head>
<body>
  <div class='ocr_page' id='page_1' title='image "./bibliothecacrit01wyttgoog_0470.png"; bbox 0 0 2938 5246; ppageno 0'>
   <div class='ocr_carea' id='block_1_1' title="bbox 223 413 1268 614">
    <p class='ocr_par' dir='ltr' id='par_1_1' title="bbox 223 413 1268 614">
     <span class='ocr_line' id='line_1_1' title="bbox 223 413 1268 614; baseline -0.001 -58"><span class='ocrx_word' id='word_1_1' title='bbox 223 505 230 520; x_wconf 92' lang='lat'><strong>·</strong></span> <span class='ocrx_word' id='word_1_2' title='bbox 266 481 332 558; x_wconf 80' lang='lat' dir='ltr'><strong>rr</strong></span> <span class='ocrx_word' id='word_1_3' title='bbox 357 477 489 558; x_wconf 82' lang='lat' dir='ltr'><strong>torm</strong></span> <span class='ocrx_word' id='word_1_4' title='bbox 515 467 963 580; x_wconf 68' lang='lat' dir='ltr'><strong>ont-auimatum</strong></span> <span class='ocrx_word' id='word_1_5' title='bbox 982 481 1015 558; x_wconf 69' lang='lat'><strong>:3</strong></span> <span class='ocrx_word' id='word_1_6' title='bbox 1071 495 1147 614; x_wconf 50' lang='lat'><strong>*⁹1</strong></span> <span class='ocrx_word' id='word_1_7' title='bbox 1265 413 1268 418; x_wconf 21' lang='lat'>¹</span> 
     </span>
    </p>
   </div>
   <div class='ocr_carea' id='block_1_2' title="bbox 106 638 1163 1510">
    <p class='ocr_par' dir='ltr' id='par_1_2' title="bbox 106 638 1163 1510">
     <span class='ocr_line' id='line_1_2' title="bbox 110 638 1163 756; baseline -0.002 -22"><span class='ocrx_word' id='word_1_8' title='bbox 110 655 293 736; x_wconf 73' lang='lat' dir='ltr'><strong>tertiarum</strong></span> <span class='ocrx_word' id='word_1_9' title='bbox 318 657 517 754; x_wconf 81' lang='lat' dir='ltr'><strong>aucupium,</strong></span> <span class='ocrx_word' id='word_1_10' title='bbox 543 655 634 754; x_wconf 82' lang='lat' dir='ltr'><strong>quod</strong></span> <span class='ocrx_word' id='word_1_11' title='bbox 654 655 831 755; x_wconf 86' lang='lat' dir='ltr'><strong>inprosam</strong></span> <span class='ocrx_word' id='word_1_12' title='bbox 851 638 1118 756; x_wconf 73' lang='lat' dir='ltr'><strong>orationempxd</strong></span> <span class='ocrx_word' id='word_1_13' title='bbox 1158 679 1163 690; x_wconf 93' lang='lat'><strong>·</strong></span> 
     </span>
     <span class='ocr_line' id='line_1_3' title="bbox 109 781 1116 882; baseline -0.003 -21"><span class='ocrx_word' id='word_1_14' title='bbox 109 809 186 861; x_wconf 89' lang='lat' dir='ltr'><strong>mus</strong></span> <span class='ocrx_word' id='word_1_15' title='bbox 210 784 342 874; x_wconf 84' lang='lat' dir='ltr'><strong>invexit</strong></span> <span class='ocrx_word' id='word_1_16' title='bbox 362 783 497 882; x_wconf 88' lang='lat' dir='ltr'><strong>Trogus</strong></span> <span class='ocrx_word' id='word_1_17' title='bbox 521 781 719 880; x_wconf 89' lang='lat' dir='ltr'><strong>Pompejus,</strong></span> <span class='ocrx_word' id='word_1_18' title='bbox 750 782 942 882; x_wconf 74' lang='lat' dir='ltr'>inligatam</span> <span class='ocrx_word' id='word_1_19' title='bbox 960 781 1116 860; x_wconf 84' lang='lat' dir='ltr'><strong>Ovidius.</strong></span> 
     </span>
     <span class='ocr_line' id='line_1_4' title="bbox 110 904 1117 1011; baseline -0.011 -22"><span class='ocrx_word' id='word_1_20' title='bbox 110 916 217 990; x_wconf 88' lang='lat' dir='ltr'>Certe</span> <span class='ocrx_word' id='word_1_21' title='bbox 236 913 312 1011; x_wconf 77' lang='lat' dir='ltr'><strong>plut</strong></span> <span class='ocrx_word' id='word_1_22' title='bbox 332 907 436 984; x_wconf 82' lang='lat' dir='ltr'><strong>laudis</strong></span> <span class='ocrx_word' id='word_1_23' title='bbox 466 909 508 982; x_wconf 91' lang='lat' dir='ltr'><strong>ab</strong></span> <span class='ocrx_word' id='word_1_24' title='bbox 533 905 740 1004; x_wconf 73' lang='lat' dir='ltr'><strong>intelligente</strong></span> <span class='ocrx_word' id='word_1_25' title='bbox 756 908 955 1007; x_wconf 82' lang='lat' dir='ltr'><strong>posteritate</strong></span> <span class='ocrx_word' id='word_1_26' title='bbox 971 904 1117 1000; x_wconf 80' lang='lat' dir='ltr'><strong>itdisset,</strong></span> 
     </span>
     <span class='ocr_line' id='line_1_5' title="bbox 107 1031 1117 1134; baseline -0.001 -24"><span class='ocrx_word' id='word_1_27' title='bbox 107 1035 138 1116; x_wconf 85' lang='lat' dir='ltr'><strong>sr</strong></span> <span class='ocrx_word' id='word_1_28' title='bbox 161 1035 224 1110; x_wconf 84' lang='lat' dir='ltr'><strong>hac</strong></span> <span class='ocrx_word' id='word_1_29' title='bbox 243 1058 378 1134; x_wconf 88' lang='lat' dir='ltr'><strong>quoque</strong></span> <span class='ocrx_word' id='word_1_30' title='bbox 396 1053 491 1132; x_wconf 83' lang='lat' dir='ltr'><strong>parte</strong></span> <span class='ocrx_word' id='word_1_31' title='bbox 515 1033 664 1110; x_wconf 85' lang='lat' dir='ltr'><strong>imitatus</strong></span> <span class='ocrx_word' id='word_1_32' title='bbox 690 1033 777 1110; x_wconf 87' lang='lat' dir='ltr'><strong>esset</strong></span> <span class='ocrx_word' id='word_1_33' title='bbox 800 1033 988 1117; x_wconf 84' lang='lat' dir='ltr'><strong>Sallustium</strong></span> <span class='ocrx_word' id='word_1_34' title='bbox 1010 1031 1117 1109; x_wconf 90' lang='lat' dir='ltr'><strong>suum.</strong></span> 
     </span>
     <span class='ocr_line' id='line_1_6' title="bbox 109 1157 1117 1258; baseline -0.008 -20"><span class='ocrx_word' id='word_1_35' title='bbox 109 1163 220 1238; x_wconf 90' lang='lat' dir='ltr'><strong>Hunc</strong></span> <span class='ocrx_word' id='word_1_36' title='bbox 244 1160 334 1234; x_wconf 88' lang='lat' dir='ltr'><strong>enim</strong></span> <span class='ocrx_word' id='word_1_37' title='bbox 349 1181 451 1236; x_wconf 90' lang='lat' dir='ltr'><strong>unum</strong></span> <span class='ocrx_word' id='word_1_38' title='bbox 469 1160 527 1236; x_wconf 87' lang='lat' dir='ltr'><strong>fibi</strong></span> <span class='ocrx_word' id='word_1_39' title='bbox 544 1159 731 1236; x_wconf 83' lang='lat' dir='ltr'><strong>imitatione</strong></span> <span class='ocrx_word' id='word_1_40' title='bbox 749 1157 976 1258; x_wconf 79' lang='lat' dir='ltr'><strong>effingendam</strong></span> <span class='ocrx_word' id='word_1_41' title='bbox 986 1159 1117 1250; x_wconf 75' lang='lat' dir='ltr'><strong>llrndrt,</strong></span> 
     </span>
     <span class='ocr_line' id='line_1_7' title="bbox 106 1281 1117 1376; baseline -0.007 -11"><span class='ocrx_word' id='word_1_42' title='bbox 106 1285 152 1365; x_wconf 86' lang='lat' dir='ltr'><strong>ab</strong></span> <span class='ocrx_word' id='word_1_43' title='bbox 177 1288 243 1361; x_wconf 91' lang='lat' dir='ltr'><strong>hoc</strong></span> <span class='ocrx_word' id='word_1_44' title='bbox 266 1287 345 1362; x_wconf 91' lang='lat' dir='ltr'><strong>illud</strong></span> <span class='ocrx_word' id='word_1_45' title='bbox 367 1288 543 1376; x_wconf 83' lang='lat' dir='ltr'><strong>artificium</strong></span> <span class='ocrx_word' id='word_1_46' title='bbox 559 1281 676 1362; x_wconf 86' lang='lat' dir='ltr'><strong>indolis</strong></span> <span class='ocrx_word' id='word_1_47' title='bbox 698 1282 861 1376; x_wconf 77' lang='lat' dir='ltr'><strong>humanae</strong></span> <span class='ocrx_word' id='word_1_48' title='bbox 883 1284 1117 1364; x_wconf 78' lang='lat' dir='ltr'><strong>describendae</strong></span> 
     </span>
     <span class='ocr_line' id='line_1_8' title="bbox 108 1409 1118 1510; baseline -0.004 -24"><span class='ocrx_word' id='word_1_49' title='bbox 108 1410 248 1503; x_wconf 89' lang='lat' dir='ltr'><strong>didicit,</strong></span> <span class='ocrx_word' id='word_1_50' title='bbox 272 1411 369 1509; x_wconf 90' lang='lat' dir='ltr'><strong>hujus</strong></span> <span class='ocrx_word' id='word_1_51' title='bbox 390 1413 579 1488; x_wconf 84' lang='lat' dir='ltr'><strong>imitatione</strong></span> <span class='ocrx_word' id='word_1_52' title='bbox 595 1412 713 1510; x_wconf 85' lang='lat' dir='ltr'><strong>efficax</strong></span> <span class='ocrx_word' id='word_1_53' title='bbox 730 1430 782 1488; x_wconf 86' lang='lat' dir='ltr'><strong>est</strong></span> <span class='ocrx_word' id='word_1_54' title='bbox 802 1409 1026 1498; x_wconf 76' lang='lat' dir='ltr'><strong>&amp;brevitate</strong></span> <span class='ocrx_word' id='word_1_55' title='bbox 1040 1431 1118 1496; x_wconf 85' lang='lat' dir='ltr'><strong>ner·</strong></span> 
     </span>
    </p>
   </div>
   <div class='ocr_carea' id='block_1_3' title="bbox 104 1533 1240 2008">
    <p class='ocr_par' dir='ltr' id='par_1_3' title="bbox 104 1533 1240 2022">
     <span class='ocr_line' id='line_1_9' title="bbox 108 1533 1118 1637; baseline -0.006 -25"><span class='ocrx_word' id='word_1_56' title='bbox 108 1537 234 1626; x_wconf 75' lang='lat' dir='ltr'><strong>volus,</strong></span> <span class='ocrx_word' id='word_1_57' title='bbox 258 1537 300 1608; x_wconf 84' lang='lat' dir='ltr'><strong>ab·</strong></span> <span class='ocrx_word' id='word_1_58' title='bbox 315 1537 382 1610; x_wconf 84' lang='lat' dir='ltr'><strong>hoc</strong></span> <span class='ocrx_word' id='word_1_59' title='bbox 395 1537 539 1634; x_wconf 75' lang='lat' dir='ltr'><strong>denique</strong></span> <span class='ocrx_word' id='word_1_60' title='bbox 554 1537 857 1637; x_wconf 75' lang='lat' dir='ltr'><strong>torruisajpendet</strong></span> <span class='ocrx_word' id='word_1_61' title='bbox 881 1557 959 1624; x_wconf 86' lang='lat' dir='ltr'><strong>cum</strong></span> <span class='ocrx_word' id='word_1_62' title='bbox 982 1533 1017 1607; x_wconf 92' lang='lat' dir='ltr'><strong>in</strong></span> <span class='ocrx_word' id='word_1_63' title='bbox 1038 1555 1118 1606; x_wconf 61' lang='lat' dir='ltr'><strong>verdb</strong></span> 
     </span>
     <span class='ocr_line' id='line_1_10' title="bbox 107 1637 1118 1760; baseline -0.01 -20"><span class='ocrx_word' id='word_1_64' title='bbox 107 1661 180 1756; x_wconf 88' lang='lat' dir='ltr'><strong>bis,</strong></span> <span class='ocrx_word' id='word_1_65' title='bbox 205 1680 279 1738; x_wconf 90' lang='lat' dir='ltr'><strong>tum</strong></span> <span class='ocrx_word' id='word_1_66' title='bbox 299 1659 334 1736; x_wconf 91' lang='lat' dir='ltr'><strong>in</strong></span> <span class='ocrx_word' id='word_1_67' title='bbox 357 1661 514 1736; x_wconf 87' lang='lat' dir='ltr'><strong>orationis</strong></span> <span class='ocrx_word' id='word_1_68' title='bbox 537 1648 730 1754; x_wconf 71' lang='lat' dir='ltr'><strong>strudltera,</strong></span> <span class='ocrx_word' id='word_1_69' title='bbox 762 1681 802 1738; x_wconf 90' lang='lat' dir='ltr'><strong>ut</strong></span> <span class='ocrx_word' id='word_1_70' title='bbox 832 1637 1034 1760; x_wconf 71' lang='lat' dir='ltr'><strong>magnopere</strong></span> <span class='ocrx_word' id='word_1_71' title='bbox 1055 1656 1118 1731; x_wconf 89' lang='lat' dir='ltr'><strong>mi·</strong></span> 
     </span>
     <span class='ocr_line' id='line_1_11' title="bbox 104 1767 1240 1887; baseline -0.006 -25"><span class='ocrx_word' id='word_1_72' title='bbox 104 1789 246 1887; x_wconf 71' lang='lat' dir='ltr'><strong>randum</strong></span> <span class='ocrx_word' id='word_1_73' title='bbox 270 1787 332 1877; x_wconf 87' lang='lat' dir='ltr'><strong>fit,</strong></span> <span class='ocrx_word' id='word_1_74' title='bbox 363 1808 434 1860; x_wconf 89' lang='lat' dir='ltr'><strong>rem</strong></span> <span class='ocrx_word' id='word_1_75' title='bbox 455 1803 523 1860; x_wconf 90' lang='lat' dir='ltr'><strong>tam</strong></span> <span class='ocrx_word' id='word_1_76' title='bbox 546 1786 756 1864; x_wconf 86' lang='lat' dir='ltr'><strong>manifestam</strong></span> <span class='ocrx_word' id='word_1_77' title='bbox 780 1786 871 1862; x_wconf 88' lang='lat' dir='ltr'><strong>vitos</strong></span> <span class='ocrx_word' id='word_1_78' title='bbox 892 1783 1042 1860; x_wconf 86' lang='lat' dir='ltr'><strong>eruditos</strong></span> <span class='ocrx_word' id='word_1_79' title='bbox 1064 1782 1116 1863; x_wconf 81' lang='lat' dir='ltr'><strong>fe·</strong></span> <span class='ocrx_word' id='word_1_80' title='bbox 1199 1767 1205 1777; x_wconf 48' lang='lat'>⁸</span> <span class='ocrx_word' id='word_1_81' title='bbox 1235 1868 1240 1881; x_wconf 33' lang='grc' dir='ltr'>Ι</span> 
     </span>
     <span class='ocr_line' id='line_1_12' title="bbox 104 1906 1116 2008; baseline -0.004 -18"><span class='ocrx_word' id='word_1_82' title='bbox 104 1913 236 1990; x_wconf 80' lang='lat' dir='ltr'><strong>fellisse.</strong></span> <span class='ocrx_word' id='word_1_83' title='bbox 286 1917 366 1993; x_wconf 85' lang='lat' dir='ltr'><strong>Hae</strong></span> <span class='ocrx_word' id='word_1_84' title='bbox 382 1912 569 1990; x_wconf 85' lang='lat' dir='ltr'><strong>imitatione</strong></span> <span class='ocrx_word' id='word_1_85' title='bbox 584 1913 683 1992; x_wconf 91' lang='lat' dir='ltr'><strong>semel</strong></span> <span class='ocrx_word' id='word_1_86' title='bbox 697 1910 944 2002; x_wconf 86' lang='lat' dir='ltr'><strong>animadversa,</strong></span> <span class='ocrx_word' id='word_1_87' title='bbox 966 1933 1035 2008; x_wconf 87' lang='lat' dir='ltr'><strong>quo</strong></span> <span class='ocrx_word' id='word_1_88' title='bbox 1047 1906 1116 1991; x_wconf 87' lang='lat' dir='ltr'><strong>stu·</strong></span> 
     </span>
    </p>
   </div>
   <div class='ocr_carea' id='block_1_4' title="bbox 103 2037 1270 4132">
    <p class='ocr_par' dir='ltr' id='par_1_4' title="bbox 103 2037 1145 4002">
     <span class='ocr_line' id='line_1_13' title="bbox 105 2037 1115 2136; baseline -0.005 -20"><span class='ocrx_word' id='word_1_89' title='bbox 105 2038 167 2116; x_wconf 91' lang='lat' dir='ltr'><strong>dio</strong></span> <span class='ocrx_word' id='word_1_90' title='bbox 191 2065 253 2117; x_wconf 90' lang='lat' dir='ltr'><strong>nos</strong></span> <span class='ocrx_word' id='word_1_91' title='bbox 279 2039 321 2113; x_wconf 86' lang='lat' dir='ltr'><strong>ad</strong></span> <span class='ocrx_word' id='word_1_92' title='bbox 345 2039 533 2136; x_wconf 85' lang='lat' dir='ltr'><strong>Vellejum,</strong></span> <span class='ocrx_word' id='word_1_93' title='bbox 557 2037 679 2119; x_wconf 84' lang='lat' dir='ltr'><strong>eedem</strong></span> <span class='ocrx_word' id='word_1_94' title='bbox 699 2040 741 2124; x_wconf 78' lang='lat' dir='ltr'><strong>ad</strong></span> <span class='ocrx_word' id='word_1_95' title='bbox 757 2039 946 2116; x_wconf 83' lang='lat' dir='ltr'><strong>Sallustium</strong></span> <span class='ocrx_word' id='word_1_96' title='bbox 972 2053 1115 2136; x_wconf 56' lang='lat' dir='ltr'><strong>cognom</strong></span> 
     </span>
     <span class='ocr_line' id='line_1_14' title="bbox 104 2156 1113 2263; baseline -0.009 -22"><span class='ocrx_word' id='word_1_97' title='bbox 104 2163 253 2254; x_wconf 84' lang='lat' dir='ltr'><strong>cendum</strong></span> <span class='ocrx_word' id='word_1_98' title='bbox 274 2163 436 2240; x_wconf 87' lang='lat' dir='ltr'><strong>dedimus.</strong></span> <span class='ocrx_word' id='word_1_99' title='bbox 485 2166 541 2239; x_wconf 91' lang='lat' dir='ltr'><strong>Ac</strong></span> <span class='ocrx_word' id='word_1_100' title='bbox 559 2165 748 2263; x_wconf 73' lang='lat' dir='ltr'><strong>profesto,</strong></span> <span class='ocrx_word' id='word_1_101' title='bbox 777 2164 802 2240; x_wconf 83' lang='lat' dir='ltr'><strong>st</strong></span> <span class='ocrx_word' id='word_1_102' title='bbox 823 2163 915 2238; x_wconf 84' lang='lat' dir='ltr'><strong>forte</strong></span> <span class='ocrx_word' id='word_1_103' title='bbox 944 2160 1014 2236; x_wconf 87' lang='lat' dir='ltr'><strong>aliis</strong></span> <span class='ocrx_word' id='word_1_104' title='bbox 1038 2156 1113 2248; x_wconf 54' lang='lat' dir='ltr'><strong>felis¹</strong></span> 
     </span>
     <span class='ocr_line' id='line_1_15' title="bbox 105 2285 1145 2388; baseline -0.006 -26"><span class='ocrx_word' id='word_1_105' title='bbox 105 2287 186 2362; x_wconf 92' lang='lat' dir='ltr'><strong>cius·</strong></span> <span class='ocrx_word' id='word_1_106' title='bbox 207 2288 242 2363; x_wconf 92' lang='lat' dir='ltr'><strong>in</strong></span> <span class='ocrx_word' id='word_1_107' title='bbox 265 2290 399 2388; x_wconf 87' lang='lat' dir='ltr'><strong>Vellejo</strong></span> <span class='ocrx_word' id='word_1_108' title='bbox 418 2289 616 2385; x_wconf 83' lang='lat' dir='ltr'><strong>corrigendo</strong></span> <span class='ocrx_word' id='word_1_109' title='bbox 645 2286 767 2364; x_wconf 76' lang='lat' dir='ltr'><strong>verfitti</strong></span> <span class='ocrx_word' id='word_1_110' title='bbox 789 2285 968 2370; x_wconf 85' lang='lat' dir='ltr'><strong>videmur:</strong></span> <span class='ocrx_word' id='word_1_111' title='bbox 983 2295 1115 2380; x_wconf 64' lang='lat' dir='ltr'><strong>,talarno</strong></span> <span class='ocrx_word' id='word_1_112' title='bbox 1141 2359 1145 2366; x_wconf 77' lang='grc'>,</span> 
     </span>
     <span class='ocr_line' id='line_1_16' title="bbox 105 2397 1115 2511; baseline -0.009 -21"><span class='ocrx_word' id='word_1_113' title='bbox 105 2437 210 2511; x_wconf 84' lang='lat' dir='ltr'><strong>quam</strong></span> <span class='ocrx_word' id='word_1_114' title='bbox 228 2415 324 2492; x_wconf 88' lang='lat' dir='ltr'><strong>nobis</strong></span> <span class='ocrx_word' id='word_1_115' title='bbox 345 2437 414 2490; x_wconf 93' lang='lat' dir='ltr'><strong>non</strong></span> <span class='ocrx_word' id='word_1_116' title='bbox 437 2431 567 2486; x_wconf 88' lang='lat' dir='ltr'><strong>tanturn</strong></span> <span class='ocrx_word' id='word_1_117' title='bbox 590 2411 831 2494; x_wconf 58' lang='lat' dir='ltr'><strong>summamus</strong></span> <span class='ocrx_word' id='word_1_118' title='bbox 846 2404 950 2498; x_wconf 83' lang='lat' dir='ltr'><strong>Lipsri</strong></span> <span class='ocrx_word' id='word_1_119' title='bbox 970 2397 1115 2494; x_wconf 63' lang='lat' dir='ltr'><strong>felicitas</strong></span> 
     </span>
     <span class='ocr_line' id='line_1_17' title="bbox 103 2520 1114 2634; baseline -0.02 -17"><span class='ocrx_word' id='word_1_120' title='bbox 103 2555 177 2634; x_wconf 75' lang='lat' dir='ltr'><strong>tem</strong></span> <span class='ocrx_word' id='word_1_121' title='bbox 198 2563 260 2620; x_wconf 92' lang='lat' dir='ltr'><strong>nos</strong></span> <span class='ocrx_word' id='word_1_122' title='bbox 285 2525 452 2616; x_wconf 82' lang='lat' dir='ltr'><strong>assecutos</strong></span> <span class='ocrx_word' id='word_1_123' title='bbox 476 2548 653 2626; x_wconf 87' lang='lat' dir='ltr'><strong>putemus:</strong></span> <span class='ocrx_word' id='word_1_124' title='bbox 678 2524 944 2634; x_wconf 79' lang='lat' dir='ltr'><strong>veruntamenfi</strong></span> <span class='ocrx_word' id='word_1_125' title='bbox 961 2520 1114 2621; x_wconf 75' lang='lat' dir='ltr'><strong>Vellejus</strong></span> 
     </span>
     <span class='ocr_line' id='line_1_18' title="bbox 103 2647 1111 2752; baseline -0.014 -14"><span class='ocrx_word' id='word_1_126' title='bbox 103 2689 185 2739; x_wconf 84' lang='lat' dir='ltr'><strong>cum</strong></span> <span class='ocrx_word' id='word_1_127' title='bbox 200 2677 313 2733; x_wconf 90' lang='lat' dir='ltr'><strong>nostra</strong></span> <span class='ocrx_word' id='word_1_128' title='bbox 328 2653 520 2752; x_wconf 84' lang='lat' dir='ltr'><strong>castigatior</strong></span> <span class='ocrx_word' id='word_1_129' title='bbox 537 2648 670 2747; x_wconf 85' lang='lat' dir='ltr'><strong>prodit,</strong></span> <span class='ocrx_word' id='word_1_130' title='bbox 682 2648 761 2722; x_wconf 90' lang='lat' dir='ltr'><strong>illud</strong></span> <span class='ocrx_word' id='word_1_131' title='bbox 775 2671 844 2726; x_wconf 89' lang='lat' dir='ltr'><strong>non</strong></span> <span class='ocrx_word' id='word_1_132' title='bbox 858 2666 926 2724; x_wconf 87' lang='lat' dir='ltr'><strong>tam</strong></span> <span class='ocrx_word' id='word_1_133' title='bbox 942 2647 1111 2748; x_wconf 65' lang='lat' dir='ltr'><strong>qualior‘rrf</strong></span> 
     </span>
     <span class='ocr_line' id='line_1_19' title="bbox 104 2772 1114 2885; baseline -0.014 -28"><span class='ocrx_word' id='word_1_134' title='bbox 104 2807 170 2885; x_wconf 89' lang='lat' dir='ltr'><strong>que</strong></span> <span class='ocrx_word' id='word_1_135' title='bbox 194 2779 331 2880; x_wconf 82' lang='lat' dir='ltr'><strong>ingenio</strong></span> <span class='ocrx_word' id='word_1_136' title='bbox 353 2794 470 2852; x_wconf 88' lang='lat' dir='ltr'><strong>nostro</strong></span> <span class='ocrx_word' id='word_1_137' title='bbox 495 2772 709 2854; x_wconf 84' lang='lat' dir='ltr'><strong>tribuendum</strong></span> <span class='ocrx_word' id='word_1_138' title='bbox 731 2790 813 2865; x_wconf 86' lang='lat' dir='ltr'><strong>est,</strong></span> <span class='ocrx_word' id='word_1_139' title='bbox 846 2795 945 2870; x_wconf 81' lang='lat' dir='ltr'><strong>quam</strong></span> <span class='ocrx_word' id='word_1_140' title='bbox 967 2773 1114 2884; x_wconf 65' lang='lat' dir='ltr'><strong>summae</strong></span> 
     </span>
     <span class='ocr_line' id='line_1_20' title="bbox 106 2896 1112 2999; baseline -0.009 -15"><span class='ocrx_word' id='word_1_141' title='bbox 106 2903 320 2986; x_wconf 79' lang='lat' dir='ltr'><strong>familiaritati</strong></span> <span class='ocrx_word' id='word_1_142' title='bbox 343 2925 421 2976; x_wconf 89' lang='lat' dir='ltr'><strong>cum</strong></span> <span class='ocrx_word' id='word_1_143' title='bbox 444 2897 600 2976; x_wconf 79' lang='lat' dir='ltr'><strong>Sallustitt</strong></span> <span class='ocrx_word' id='word_1_144' title='bbox 621 2897 832 2990; x_wconf 69' lang='lat' dir='ltr'><strong>contractae,</strong></span> <span class='ocrx_word' id='word_1_145' title='bbox 864 2896 904 2988; x_wconf 65' lang='lat' dir='ltr'><strong>dt</strong></span> <span class='ocrx_word' id='word_1_146' title='bbox 927 2917 1112 2999; x_wconf 72' lang='lat' dir='ltr'><strong>perpetius</strong></span> 
     </span>
     <span class='ocr_line' id='line_1_21' title="bbox 105 3022 1110 3129; baseline -0.016 -16"><span class='ocrx_word' id='word_1_147' title='bbox 105 3035 280 3129; x_wconf 77' lang='lat' dir='ltr'><strong>utrimque</strong></span> <span class='ocrx_word' id='word_1_148' title='bbox 299 3025 468 3124; x_wconf 89' lang='lat' dir='ltr'><strong>scriptoris</strong></span> <span class='ocrx_word' id='word_1_149' title='bbox 491 3023 740 3122; x_wconf 80' lang='lat' dir='ltr'><strong>comparationi</strong></span> <span class='ocrx_word' id='word_1_150' title='bbox 791 3022 864 3099; x_wconf 90' lang='lat' dir='ltr'><strong>Hic</strong></span> <span class='ocrx_word' id='word_1_151' title='bbox 879 3024 1110 3122; x_wconf 61' lang='lat' dir='ltr'><strong>aliquisquaeg</strong></span> 
     </span>
     <span class='ocr_line' id='line_1_22' title="bbox 106 3147 1111 3256; baseline -0.016 -16"><span class='ocrx_word' id='word_1_152' title='bbox 106 3181 177 3251; x_wconf 87' lang='lat' dir='ltr'><strong>rat,</strong></span> <span class='ocrx_word' id='word_1_153' title='bbox 201 3153 283 3256; x_wconf 91' lang='lat' dir='ltr'><strong>quid</strong></span> <span class='ocrx_word' id='word_1_154' title='bbox 304 3151 362 3242; x_wconf 88' lang='lat' dir='ltr'><strong>srt,</strong></span> <span class='ocrx_word' id='word_1_155' title='bbox 387 3173 488 3250; x_wconf 85' lang='lat' dir='ltr'><strong>quare</strong></span> <span class='ocrx_word' id='word_1_156' title='bbox 510 3149 549 3226; x_wconf 82' lang='lat' dir='ltr'><strong>dt</strong></span> <span class='ocrx_word' id='word_1_157' title='bbox 571 3149 741 3245; x_wconf 81' lang='lat' dir='ltr'><strong>Velejus,</strong></span> <span class='ocrx_word' id='word_1_158' title='bbox 765 3147 805 3224; x_wconf 80' lang='lat' dir='ltr'><strong>dt</strong></span> <span class='ocrx_word' id='word_1_159' title='bbox 826 3149 933 3256; x_wconf 80' lang='lat' dir='ltr'><strong>cetpri</strong></span> <span class='ocrx_word' id='word_1_160' title='bbox 952 3147 1111 3240; x_wconf 72' lang='lat' dir='ltr'><strong>licenda·</strong></span> 
     </span>
     <span class='ocr_line' id='line_1_23' title="bbox 105 3266 1112 3378; baseline -0.016 -15"><span class='ocrx_word' id='word_1_161' title='bbox 105 3311 181 3364; x_wconf 92' lang='lat' dir='ltr'><strong>rum</strong></span> <span class='ocrx_word' id='word_1_162' title='bbox 202 3279 400 3378; x_wconf 71' lang='lat' dir='ltr'><strong>scripturn,</strong></span> <span class='ocrx_word' id='word_1_163' title='bbox 433 3273 565 3350; x_wconf 87' lang='lat' dir='ltr'><strong>deserto</strong></span> <span class='ocrx_word' id='word_1_164' title='bbox 587 3269 856 3368; x_wconf 80' lang='lat' dir='ltr'><strong>eloquentissimo</strong></span> <span class='ocrx_word' id='word_1_165' title='bbox 882 3269 1023 3378; x_wconf 76' lang='lat' dir='ltr'><strong>Livio,¹</strong></span> <span class='ocrx_word' id='word_1_166' title='bbox 1043 3266 1112 3348; x_wconf 81' lang='lat' dir='ltr'><strong>sese</strong></span> 
     </span>
     <span class='ocr_line' id='line_1_24' title="bbox 110 3393 1110 3500; baseline -0.012 -14"><span class='ocrx_word' id='word_1_167' title='bbox 110 3408 264 3500; x_wconf 77' lang='lat' dir='ltr'><strong>certatim</strong></span> <span class='ocrx_word' id='word_1_168' title='bbox 282 3393 330 3478; x_wconf 79' lang='lat' dir='ltr'><strong>¹ad</strong></span> <span class='ocrx_word' id='word_1_169' title='bbox 350 3400 539 3478; x_wconf 90' lang='lat' dir='ltr'><strong>Sallustium</strong></span> <span class='ocrx_word' id='word_1_170' title='bbox 559 3397 756 3472; x_wconf 88' lang='lat' dir='ltr'><strong>imitandum</strong></span> <span class='ocrx_word' id='word_1_171' title='bbox 778 3397 1007 3477; x_wconf 80' lang='lat' dir='ltr'><strong>contulerint?</strong></span> <span class='ocrx_word' id='word_1_172' title='bbox 1039 3398 1110 3474; x_wconf 81' lang='lat' dir='ltr'><strong>Sal·</strong></span> 
     </span>
     <span class='ocr_line' id='line_1_25' title="bbox 104 3522 1108 3622; baseline -0.006 -17"><span class='ocrx_word' id='word_1_173' title='bbox 104 3533 267 3617; x_wconf 83' lang='lat' dir='ltr'><strong>lustianus</strong></span> <span class='ocrx_word' id='word_1_174' title='bbox 291 3526 387 3618; x_wconf 89' lang='lat' dir='ltr'><strong>fuit,</strong></span> <span class='ocrx_word' id='word_1_175' title='bbox 417 3543 507 3600; x_wconf 87' lang='lat' dir='ltr'><strong>teste</strong></span> <span class='ocrx_word' id='word_1_176' title='bbox 530 3527 658 3599; x_wconf 87' lang='lat' dir='ltr'><strong>Seneca</strong></span> <span class='ocrx_word' id='word_1_177' title='bbox 687 3524 861 3622; x_wconf 62' lang='lat' dir='ltr'><strong>Ep.,114t</strong></span> <span class='ocrx_word' id='word_1_178' title='bbox 884 3522 1108 3616; x_wconf 77' lang='lat' dir='ltr'><strong>›Arruntius.,</strong></span> 
     </span>
     <span class='ocr_line' id='line_1_26' title="bbox 106 3647 1110 3751; baseline -0.013 -17"><span class='ocrx_word' id='word_1_179' title='bbox 106 3659 182 3734; x_wconf 88' lang='lat' dir='ltr'><strong>belli</strong></span> <span class='ocrx_word' id='word_1_180' title='bbox 203 3653 321 3732; x_wconf 80' lang='lat' dir='ltr'><strong>Punici</strong></span> <span class='ocrx_word' id='word_1_181' title='bbox 340 3653 502 3751; x_wconf 81' lang='lat' dir='ltr'><strong>scriptor,</strong></span> <span class='ocrx_word' id='word_1_182' title='bbox 527 3649 585 3746; x_wconf 90' lang='lat' dir='ltr'><strong>qui</strong></span> <span class='ocrx_word' id='word_1_183' title='bbox 606 3647 733 3724; x_wconf 88' lang='lat' dir='ltr'><strong>dudum</strong></span> <span class='ocrx_word' id='word_1_184' title='bbox 751 3647 887 3745; x_wconf 55' lang='lat' dir='ltr'><strong>periits</strong></span> <span class='ocrx_word' id='word_1_185' title='bbox 906 3649 1110 3740; x_wconf 65' lang='lat' dir='ltr'><strong>Sallustiani,</strong></span> 
     </span>
     <span class='ocr_line' id='line_1_27' title="bbox 109 3763 1111 3881; baseline -0.013 -22"><span class='ocrx_word' id='word_1_186' title='bbox 109 3783 166 3881; x_wconf 82' lang='lat' dir='ltr'><strong>qui</strong></span> <span class='ocrx_word' id='word_1_187' title='bbox 190 3763 390 3881; x_wconf 70' lang='lat' dir='ltr'><strong>supersunt,</strong></span> <span class='ocrx_word' id='word_1_188' title='bbox 421 3763 593 3868; x_wconf 80' lang='lat' dir='ltr'><strong>Tacitus,</strong></span> <span class='ocrx_word' id='word_1_189' title='bbox 629 3772 830 3872; x_wconf 88' lang='lat' dir='ltr'><strong>Septimius,</strong></span> <span class='ocrx_word' id='word_1_190' title='bbox 862 3771 1029 3870; x_wconf 73' lang='lat' dir='ltr'><strong>Sulpicius</strong></span> <span class='ocrx_word' id='word_1_191' title='bbox 1035 3776 1111 3862; x_wconf 83' lang='lat' dir='ltr'><strong>Sc·</strong></span> 
     </span>
     <span class='ocr_line' id='line_1_28' title="bbox 109 3893 1109 4002; baseline -0.005 -22"><span class='ocrx_word' id='word_1_192' title='bbox 109 3929 210 4000; x_wconf 81' lang='lat' dir='ltr'><strong>verus</strong></span> <span class='ocrx_word' id='word_1_193' title='bbox 225 3960 248 4000; x_wconf 22' lang='lat'><strong>,¹</strong></span> <span class='ocrx_word' id='word_1_194' title='bbox 266 3901 649 4002; x_wconf 80' lang='lat' dir='ltr'><strong>Pseudo-Hegefippus.</strong></span> <span class='ocrx_word' id='word_1_195' title='bbox 700 3899 840 4000; x_wconf 86' lang='lat' dir='ltr'><strong>Nempe</strong></span> <span class='ocrx_word' id='word_1_196' title='bbox 860 3897 976 3990; x_wconf 63' lang='lat' dir='ltr'><strong>abdis</strong></span> <span class='ocrx_word' id='word_1_197' title='bbox 1002 3893 1109 3976; x_wconf 82' lang='lat' dir='ltr'><strong>omni·</strong></span> 
     </span>
    </p>

    <p class='ocr_par' dir='ltr' id='par_1_5' title="bbox 152 4009 1270 4132">
     <span class='ocr_line' id='line_1_29' title="bbox 152 4009 1270 4132; baseline -0.007 -22"><span class='ocrx_word' id='word_1_198' title='bbox 152 4035 243 4126; x_wconf 47' lang='lat' dir='ltr'><strong>‚Pers</strong></span> <span class='ocrx_word' id='word_1_199' title='bbox 267 4031 326 4108; x_wconf 61' lang='grc' dir='ltr'><strong>[ιν.</strong></span> <span class='ocrx_word' id='word_1_200' title='bbox 545 4088 551 4122; x_wconf 63' lang='grc'>;</span> <span class='ocrx_word' id='word_1_201' title='bbox 643 4027 679 4106; x_wconf 82' lang='lat' dir='ltr'><strong>D</strong></span> <span class='ocrx_word' id='word_1_202' title='bbox 826 4072 830 4082; x_wconf 93' lang='lat'><em>·</em></span> <span class='ocrx_word' id='word_1_203' title='bbox 867 4115 878 4132; x_wconf 29' lang='grc' dir='ltr'>ἱ</span> <span class='ocrx_word' id='word_1_204' title='bbox 969 4101 975 4116; x_wconf 59' lang='lat'><strong>,</strong></span> <span class='ocrx_word' id='word_1_205' title='bbox 1027 4009 1116 4121; x_wconf 58' lang='lat' dir='ltr'><strong>but,</strong></span> <span class='ocrx_word' id='word_1_206' title='bbox 1267 4047 1270 4055; x_wconf 81' lang='grc'><em>’</em></span> 
     </span>
    </p>
   </div>
   <div class='ocr_carea' id='block_1_5' title="bbox 0 0 1474 5246">
    <p class='ocr_par' dir='ltr' id='par_1_6' title="bbox 0 0 1474 5246">
     <span class='ocr_line' id='line_1_30' title="bbox 0 0 1474 5246; baseline 0 2"><span class='ocrx_word' id='word_1_207' title='bbox 0 0 1474 5246; x_wconf 95' lang='lat' dir='ltr'><strong> </strong></span> 
     </span>
    </p>
   </div>
  </div>
 </body>
</html>
