2964 5252
210 507 232 518 ·’
260 507 332 594 rx
356 499 511 594 unrr.
536 511 569 592 s.
596 504 966 596 Musonium
1048 541 1101 622 n

94 687 351 792 ·quoduam'stt,'
365 690 455 787 quod
477 709 557 765 unte
586 693 690 791 pedes
709 678 839 791 jaceat,
866 681 1006 791 'Trojani
1032 717 1105 769 cor·

97 839 176 918 pus.
226 818 371 894 Hecuba
393 829 462 890 non
484 816 516 888 ei
542 819 705 895 continuo
723 817 922 914 respondet,
956 819 1013 895 sed
1038 819 1107 918 ipsa

97 946 212 1021 secum
250 940 482 1041 colloquitur,
525 941 679 1020 dubitans
712 963 754 1018 an
795 943 966 1020 confilium
1011 945 1107 1022 sunm

97 1069 347 1170 Agamemnoni
368 1065 524 1166 aperiat)
527 1067 626 1146 Me
640 1059 811 1158 ruderum
837 1070 963 1166 inquit,
990 1072 1105 1182 utrum
1246 1107 1253 1118 ·

94 1195 276 1294 adgemit
300 1196 372 1294 ejus
394 1185 560 1288 accidant,
583 1209 633 1272 an
647 1195 753 1270 tacita
770 1218 860 1268 meas
884 1195 991 1270 feram
1019 1197 1107 1270 cala·
1174 1283 1176 1288 ¹

37 1303 39 1306 ⁵
95 1321 245 1398 unitates.
296 1323 366 1418 Ag
394 1323 487 1430 Quid
504 1343 589 1399 vero
611 1319 732 1396 furiem
746 1321 870 1394 avertis
896 1339 1007 1412 tuam,
1031 1334 1105 1397 mu·

97 1449 180 1538 liet,
202 1445 241 1522 dt
269 1443 390 1520 doloris
412 1445 462 1521 tui
484 1445 630 1521 caussam
652 1469 707 1520 me
729 1445 860 1520 celas?
868 1425 917 1520 H.
943 1445 1034 1522 Atfi
1054 1457 1108 1520 rt·

98 1571 220 1670 pudiet
246 1570 337 1642 rne'as
362 1593 507 1667 preces,
546 1591 657 1646 novus
679 1569 760 1645 milri
789 1568 854 1642 erit
881 1567 1007 1644 dolon·
1037 1566 1107 1667 Ag.

99 1695 237 1788 Velim,
267 1696 431 1789 eloquaris
459 1696 549 1793 quod
573 1697 685 1772 animo
717 1695 837 1771 volvis.
882 1695 948 1770 Ἠ.
974 1695 1108 1770 Verum

93 1821 167 1920 ipsa
183 1820 283 1894 forte
306 1819 426 1913 fallor,
459 1847 536 1898 cum
563 1847 641 1897 eum
667 1821 792 1900 infesto
813 1844 891 1920 erga
918 1797 1110 1898 me'mido

96 1945 169 2052 esse
187 1965 281 2044 puto.
331 1949 401 2044 Ag.
426 1945 501 2022 Nisi
529 1966 585 2022 me
607 1951 660 2028 nis
681 1935 885 2045 participem
900 1947 1012 2022 fauere
1026 1941 1110 2022 'tuo'-

95 2091 175 2146 rum
197 2067 431 2165 consiliorum,
455 2076 571 2150 abeam
604 2063 720 2174 prius,
752 2094 850 2169 quum
878 2051 1011 2148 eorum
1028 2071 1110 2168 quid

85 2195 242 2273 audiam.
295 2201 345 2275 H.
371 2198 437 2273 Sed
454 2221 588 2296 nequeo
601 2199 669 2273 sme
685 2199 757 2294 ejus
778 2195 902 2270 auxilio
916 2197 974 2268 filii
989 2191 1111 2270 necent

100 2323 237 2415 ulcisci3
260 2323 449 2400 audendum
463 2343 537 2416 est,
562 2327 631 2399 five
646 2321 883 2420 profecturae,
897 2319 967 2396 five
993 2317 1109 2395 inanes

50 2537 53 2546 ¹
97 2447 237 2522 futurae
261 2419 445 2524 smt'meae
478 2437 619 2547 prcceer'
650 2437 804 2516 Obsecm.
831 2458 868 2510 te
877 2469 895 2528 ·,
928 2441 1112 2556 Agamem·

97 2597 191 2666 nou,
215 2590 509 2672 pergenua'tua,
536 2585 664 2663 perque
690 2573 727 2636 oe
752 2583 867 2651 tuum,
884 2579 1011 2660 perqrie
1030 2565 1114 2642 der·

99 2709 186 2770 tram
212 2714 304 2766 tuam
334 2690 486 2763 felicem!
530 2691 597 2786 Ag.
621 2689 713 2797 Quid
742 2705 813 2777 est,
839 2687 930 2800 quod
958 2711 1013 2762 me
1036 2689 1113 2778 vis,

103 2821 252 2895 Hecuba
259 2843 271 2908 3
295 2817 319 2891 fi
339 2809 531 2888 libertatem'
551 2805 676 2910 cupis,
691 2802 777 2890 hanc
797 2815 859 2889 tibi
874 2813 992 2908 lubens
1011 2813 1115 2892 dono.

103 2945 154 3020 H.
188 2941 305 3016 Potius
339 2939 603 3036 serviam-7⁴
623 2939 710 3039 *ἐξ
735 2920 897 3038 tolonum
922 2960 973 3015 est
993 2939 1114 3032 vitae,

101 3069 184 3143 dum
209 3063 252 3138 de
277 3063 418 3140 inimicis
439 3065 526 3172 meis
552 3089 695 3164 poenam
719 3067 888 3166 exigam.'’
926 3066 1035 3164 Igitur
1050 3069 1116 3140 Po·

102 3193 211 3294 lydori
226 3215 346 3268 necem
368 3189 407 3268 δι
422 3193 526 3268 scelus
545 3191 785 3291 Polymestoris
804 3211 915 3266 narrat
931 3195 1113 3288 Agamem·

102 3321 210 3410 noni,
256 3341 402 3416 eumque
436 3320 477 3393 ad
514 3317 771 3394 misericordiam
811 3315 974 3406 adducit,
1010 3339 1115 3423 atque

105 3463 211 3534 orat,
252 3463 291 3518 nt
325 3443 488 3520 nefarium
528 3441 698 3520 hominem
709 3439 813 3540 justa
846 3465 956 3541 poena
985 3433 1119 3525 ufficibt.

108 3567 231 3646 Gravis
255 3567 294 3644 dt
314 3571 410 3684 plena
437 3591 490 3645 est
513 3570 656 3646 affectus
672 3569 839 3646 Hecubae
856 3571 987 3664 oratio,
1010 3595 1120 3680 neque

107 3676 288 3770 abhorretis
313 3677 387 3770 ab
378 3699 450 3796 ejus
476 3693 625 3796 persona.
682 3689 844 3804 Vincitur
861 3697 1119 3810 Agamemnon,

16 3839 17 3853 ¹
110 3823 150 3899 dt
171 3846 210 3897 ea
235 3823 430 3900 conditione
452 3833 587 3920 operam
611 3818 701 3894 suum
723 3821 901 3918 pollicetur
923 3821 1119 3912 Hecubae,

18 3943 23 3988 ⁵
108 3949 189 4023 dum
214 3973 258 4024 ne
279 3941 584 4048 apudexercitum
609 3945 777 4020 infamiam
802 3947 983 4049 suscipiar,
1008 3949 1047 4030 dt
1071 3945 1124 4022 vi·

20 4107 25 4132 ι
110 4075 230 4178 deutur
248 4073 467 4171 enundrae,
491 4093 590 4174 quarn
603 4097 651 4152 er
670 4061 818 4176 'captiuis
836 4073 896 4154 srbi
918 4073 984 4153 tori
1000 4071 1122 4148 nciam

21 4213 22 4226 ¹
105 4271 113 4280 ..
157 4203 244 4282 Pars
269 4202 332 4282 IV.
654 4203 683 4278 C
1059 4194 1119 4274 ad·
