2964 5252
256 507 336 586 ax
362 506 522 594 aorr.
547 518 977 612 suusounvrr
1064 547 1123 643 ‘17

1 739 2 742 a
63 679 306 790 'adoriuntur
330 683 497 786 Tr'ojanae
527 696 682 772 mulieres
709 717 812 799 atque
842 709 968 784 acubus
994 732 1121 788 exeae-

99 831 211 900 caut,
241 812 308 909 ipsa
332 811 417 888 duos
442 817 513 914 ejus
538 823 695 918 parvulos
715 823 800 898 lilios
826 831 983 910 trucidat.
1028 839 1117 914 Tres

101 935 213 1033 igitur
233 937 308 1012 sunt
332 938 463 1016 fabulae
486 945 598 1037 casus,
622 971 764 1044 quorum
788 950 905 1050 singuli
927 957 983 1032 sua
1003 963 1119 1059 gravi·

101 1082 179 1137 tate
194 1063 437 1162 atrocitateque
449 1067 561 1162 justae
576 1073 703 1147 habent
721 1077 911 1170 tragoediae
926 1084 1116 1177 materiam,

99 1212 256 1288 quosque
285 1189 457 1266 universos
480 1217 550 1270 uno
570 1216 770 1295 argumento
792 1201 868 1274 saris
892 1206 1113 1284 verifimiliter

96 1317 297 1414 complexus
321 1334 374 1390 est
395 1317 584 1415 Euripides.
638 1324 825 1402 Videamus
849 1351 940 1403 nunc
963 1333 1113 1428 partium

93 1439 370 1540 descriptionem

84 1625 87 1636 .
147 1569 296 1644 Primum
321 1567 388 1642 sola
408 1571 523 1666 prodit
545 1577 660 1652 umbra
682 1574 842 1678 Polydori
866 1575 906 1657 dt
931 1581 1110 1679 prologum

67 1683 210 1769 'facitu
248 1693 329 1767 Fuit
351 1693 440 1768 enim
468 1696 565 1792 hujus
589 1702 726 1778 rationis
755 1704 874 1778 audior
905 1705 1108 1804 Euripides,
1237 1727 1239 1733 ’
1322 1703 1325 1710 ’

86 1837 134 1894 ut
155 1820 197 1892 ab
217 1817 316 1892 iuitio
337 1817 469 1892 fabulae
495 1819 712 1900 induceretur
733 1827 898 1924 persona,
930 1854 1016 1928 quae
1036 1833 1103 1910 loia

85 1945 304 2041 loqueretur,
330 1942 553 2040 &ejusmodi
575 1952 763 2028 orationem
788 1931 950 2044 liaberet,
974 1977 1018 2030 ex
1034 1979 1101 2054 qua

82 2068 294 2166 spectatores
326 2091 562 2169 argumentum
594 2079 743 2174 agendae
776 2079 908 2151 fabulae
936 2082 1102 2178 intellige·

81 2214 173 2270 rent.
217 2197 276 2268 De
290 2218 359 2292 quo
378 2197 486 2292 ipsum
502 2199 645 2274 invento
655 2202 855 2300 gloriantem
871 2203 954 2276 facit
967 2205 1098 2280 Aristo-

79 2320 209 2416 phanes
224 2319 259 2394 in
270 2321 376 2396 Ranis
391 2346 475 2418 977.
527 2325 709 2422 Sophocles
723 2325 859 2420 quidem
875 2326 971 2399 nullis
984 2329 1093 2403 utitur

77 2445 255 2541 prologis,
288 2467 399 2542 neque
422 2447 554 2523 fabulae
574 2449 722 2542 agendae
748 2449 908 2520 summam
933 2446 974 2516 ab
991 2447 1090 2522 initio

73 2563 257 2665 fignificat:
284 2573 375 2668 quod
390 2569 567 2660 Euripides
590 2587 706 2642 contra
730 2571 945 2644 necessarium
958 2570 1088 2666 judica·

73 2691 131 2766 vit
144 2691 250 2781 fatto,
266 2713 308 2763 ne
326 2689 566 2784 spedatoribus
583 2693 742 2768 tenebrae
759 2695 1004 2791 objicerentur,
1026 2717 1087 2768 em

32 2902 35 2908 Ι
74 2835 217 2912 rumque
247 2813 549 2911 intelligentiadiu
575 2815 755 2894 fludluaret
787 2835 827 2893 ac
859 2817 1084 2902 frustraretur.

72 2937 185 3038 Igitur
198 2938 384 3037 Polydorus
399 2936 446 3010 ita
463 2937 609 3014 orditur:

143 3136 258 3232 ’Ἥκω
277 3152 388 3260 nagt'ir
407 3145 591 3253 κιυὲμᾶἱνω
617 3139 679 3235 aul
701 3147 828 3258 aalma
845 3150 971 3252 adnue

140 3277 290 3385 Amuli,
323 3285 361 3372 ‘lu’
377 3271 479 3383 “Adys
509 3275 617 3394 χωςῖς
634 3280 766 3392 plateas
784 3291 870 3377 &adr
886 3360 899 3395 ,

140 3422 362 3532 ssoaddogon
394 3415 552 3519 Ἑκάβης
569 3423 659 3513 παῖς
674 3417 792 3528 'yryu's
806 3430 868 3520 riis
887 3431 1031 3532 Kronios

137 3547 297 3670 llgtr'pou
318 3593 360 3644 rr
389 3552 536 3667 narpls.
572 3595 610 3642 rt·
629 3596 668 3651 τ.
688 3584 733 3656 λ.

61 3867 92 3906 ,,
117 3811 233 3890 Venio
254 3811 321 3886 huc
341 3811 545 3911 Polydorus,
571 3813 691 3894 Priami
712 3819 751 3897 dc
771 3823 938 3899 Hecubae
956 3827 1066 3924 filius,

1 3931 2 3936 ‘
65 3935 184 4011 aelidis
219 3935 348 4022 inferis.
394 3939 492 4020 'Nam
524 3939 672 4018 Priamus
704 3968 760 4027 rue
791 3971 934 4044 puerum
963 3953 1065 4052 Poly.

1 4059 3 4063 =
112 4063 195 4146 ΡΨ
218 4063 280 4144 W·
600 4069 631 4146 Β
993 4097 1066 4169 me}
