2904 5248
355 399 447 590 ’μ’
530 445 951 560 'ndnrnars
1000 465 1242 558 naurr

431 657 516 738 Erat
539 653 633 734 forte
657 645 694 733 in
718 655 838 734 eadem
862 655 943 730 navi
968 655 1151 742 Menelaus
1174 659 1366 763 Aegyptius,

380 783 513 867 lberali
540 783 741 860 adolescens
762 784 927 884 ingenio,
942 780 982 858 dt
1002 781 1147 858 honesto
1169 781 1248 860 loco
1268 807 1362 886 natur,

380 937 529 1017 quocum
545 931 604 984 eos
620 911 658 986 in·
671 895 870 990 convidiuln
887 911 1144 1011 amicitiamque
1158 913 1310 989 conciliat
1322 917 1363 993 iti·

379 1037 472 1121 neris
486 1039 642 1152 societas.⁸
695 1037 763 1110 Sed
774 1059 853 1146 curn
867 1059 930 1134 per
945 1039 1082 1140 aliquod
1098 1057 1232 1136 tempus
1250 1044 1361 1141 prospe·
1393 1039 1394 1042 '

379 1187 422 1250 ro¹
443 1169 491 1246 uli
514 1165 657 1244 luissent
679 1183 810 1258 vento,
834 1165 1074 1244 oritursubito
1089 1165 1280 1267 gravissrma
1295 1186 1359 1246 ten·

378 1301 517 1404 pellas,
549 1269 651 1396 quae'
674 1313 799 1370 navem
823 1289 884 1364 diu
911 1288 1035 1366 misere
1058 1295 1220 1394 agitatam
1246 1295 1359 1392 scopulo

378 1425 518 1502 tondent
552 1423 654 1500 illidit
693 1443 735 1498 ac
769 1417 930 1497 dissolvit.
979 1421 1133 1520 Reliqui
1146 1443 1264 1496 omnes
1289 1425 1359 1500 undil

377 1555 592 1628 obruuntur:
619 1571 684 1623 una
699 1567 822 1644 prorae
836 1567 912 1646 pars
922 1571 981 1642 ea,
1008 1571 1075 1648 qua
1092 1549 1281 1646 Clitophon
1298 1550 1358 1626 solur

376 1693 460 1752 cunr·
475 1677 653 1776 Leucippe
678 1673 895 1764 consederat,
920 1673 1061 1772 integra.
1074 1693 1214 1770 manet,
1237 1677 1275 1754 dt
1290 1682 1359 1755 Pelu·

375 1804 461 1880 liunt
489 1799 685 1902 appellitur.
734 1799 810 1890 lbi,
836 1797 976 1873 refertis
1010 1803 1234 1901 corporibus,
1259 1827 1358 1884 narrat

374 1925 646 2022 conducunt,'&
661 1923 906 2002 Alexandriam
919 1941 1053 2022 petunt.
1106 1931 1359 2008 Tenebant'vero

315 2129 319 2141 .
371 2061 437 2136 illo
469 2075 628 2151 ternpore
653 2053 803 2148 pastores
832 2053 992 2150 regiones
1025 2054 1202 2135 inferioris
1229 2059 1360 2157 Aegypti

371 2173 555 2286 palustres,
581 2199 704 2276 easque
719 2178 900 2254 latrocinio
923 2177 1141 2259 infestabant.
1190 2183 1242 2262 Hi
1257 2204 1363 2261 navent*

371 2300 623 2404 intercipiunt,
648 2303 811 2400 spoliant,
826 2303 1099 2401 ·Clitophontem
1124 2335 1165 2386 ac
1180 2311 1360 2410 Leucippen

331 2429 341 2460 '
373 2435 556 2524 vinciunt,
580 2429 620 2506 dc
637 2454 715 2506 cunr
729 2427 865 2526 reliquid
882 2429 1031 2525 captivis
1050 2433 1258 2516 cusiodiunt.
1284 2439 1362 2542 Quae

374 2562 548 2665 calamitas
573 2555 747 2660 quamvis,
772 2565 812 2628 ut
836 2573 928 2646 erat,
954 2558 1103 2634 maxima
1119 2560 1225 2657 esset,
1252 2562 1363 2640 aliato·

375 2713 457 2772 rnen
489 2691 585 2767 velut
627 2687 798 2761 malorum·
831 2684 989 2759 cumulus
1030 2688 1181 2763 accesllt'.
1229 2691 1368 2766 Oraculo

376 2815 783 2897 monebanturlatronet,
809 2813 1002 2888 exercitum
1017 2807 1157 2887 lustrare
1177 2801 1363 2909 captierir·

376 2943 468 3044 ginis
490 2935 671 3012 sacrificio.
722 2933 847 3011 Statirn
872 2935 1063 3013 adcurritur
1089 2935 1133 3008 ad
1158 2937 1361 3040 Leucippen:

375 3063 582 3143 abstrahitur
594 3061 770 3139 ·reludians
788 3087 808 3139 a
823 3062 1068 3158 Clitoplronte,
1094 3063 1315 3165 nequicquam
1333 3067 1361 3142 dc

377 3191 452 3290 ipso
487 3189 683 3265 reluciante.
734 3189 874 3266 interea
913 3185 1157 3284 superveniunt
1188 3193 1360 3296 Aegyptiae

377 3321 550 3416 legiones,
567 3316 708 3393 emissae
731 3337 750 3394 a
774 3309 949 3416 praeseus
967 3315 1008 3388 ad
1027 3319 1239 3398 coercendos
1266 3323 1360 3398 delen·

377 3443 506 3541 desque
525 3443 709 3536 latrones,
742 3453 876 3536 eosque
892 3439 929 3515 in
953 3441 1071 3542 fugam
1097 3464 1264 3540 vertunt,
1287 3447 1366 3522 intra

247 3553 250 3564 ’
359 3571 516 3671 ,paludes
540 3567 723 3668 rejiciunt,
747 3563 786 3638 dt
809 3576 888 3639 curn
913 3567 987 3642 aliis
1011 3572 1159 3670 captivis
1180 3575 1360 3674 cliroplon·

270 3719 274 3726 ·
379 3705 451 3776 ten
482 3701 587 3778 etiam
611 3697 797 3768 ex'eorum
818 3695 988 3790 potestate
1018 3681 1181 3797 eripiunt.
1233 3699 1363 3781 Pallons

379 3827 428 3904 nd
460 3831 555 3930 prius
590 3819 741 3908 nabent,
767 3841 886 3916 quam,
912 3845 957 3899 ex
980 3824 1108 3898 oraculi
1119 3828 1233 3923 jussu,
1258 3827 1364 3906 sacrifi·

378 3956 436 4033 cid
458 3949 617 4047 defungi.
668 3947 816 4022 Struitur
838 3973 914 4043 ara,
941 3949 1120 4027 adducitur
1130 3979 1159 4030 a
1183 3929 1309 4032 duribus
1323 3953 1365 4050 ju·

377 4077 523 4165 venibus
548 4075 749 4178 Leucippe,
775 4077 930 4184 caeditqr
943 4127 958 4168 ‚
984 4073 1022 4158 dc
1046 4082 1170 4161 eodem
1195 4087 1274 4164 loco
1293 4099 1370 4156 terra

382 4213 391 4222 ’
1272 4200 1365 4288 conti·
