2970 5258
344 491 415 563 roa
463 457 844 542 RELATIONES
879 445 1237 540 BREVIORES.

350 663 513 760 gumenta
540 646 746 743 Clypeorum
768 665 816 759 ex.
836 643 1019 733 Homero,
1051 641 1188 746 Quinto
1214 643 1376 724 Calabro

351 779 391 854 dc
408 770 564 872 Virgilio.
582 771 648 846 IV.
673 769 803 844 lamae
819 769 1025 859 certamina,
1036 771 1126 866 apud
1142 771 1381 870 Homerum,

351 901 612 988 Theocritum,
641 895 881 997 'Apollonium
920 893 1124 986 Rhodium,
1180 899 1376 978 Valerium

351 1028 532 1118 Flaccum,
558 1023 749 1122 Virgilium
772 1019 812 1096 dt
835 1021 1003 1098 Statiumt
1029 1027 1077 1101 V.
1104 1025 1225 1100 Cursus
1248 1049 1374 1104 certa-

353 1153 447 1230 mina
475 1175 518 1268 erp
541 1153 722 1244 Homero,
747 1149 933 1248 Virgilio,
966 1149 1004 1226 dt
1027 1149 1152 1226 Statio.
1188 1153 1251 1229 Vl.
1275 1154 1368 1230 Eri·

354 1279 544 1356 fichthonis
569 1279 708 1369 Fames,
739 1275 828 1377 apud
850 1275 1094 1358 Callimachum
1114 1273 1155 1352 dt
1178 1277 1367 1366 ovidium,

356 1405 512 1480 Notulae
527 1403 662 1480 additae
677 1403 753 1478 sunt
771 1425 901 1500 paucae
916 1403 1054 1502 quidem
1075 1398 1114 1480 dc
1135 1402 1276 1496 breves,
1297 1405 1364 1484 led

355 1531 457 1606 utiles
477 1549 595 1606 tamen
618 1530 656 1606 dc
680 1529 958 1612 accommodatae
984 1527 1027 1602 ad
1053 1551 1168 1604 eorum
1190 1532 1364 1632 ingenia,

358 1659 481 1756 quibus
505 1655 648 1754 scriptae
678 1657 764 1730 sunt.
816 1658 858 1730 In
885 1653 1099 1753 praefatione
1120 1656 1224 1732 etiam
1243 1659 1367 1734 varie·

357 1803 407 1858 tas
430 1783 586 1860 ledlionis
610 1803 653 1858 ex
670 1781 792 1858 codice
816 1781 1093 1884 Merseburgensr
1110 1783 1299 1868 exhibetur
1319 1783 1366 1862 ad

307 1931 314 1946 ⁸
356 1909 452 1984 locos
477 1910 658 1987 Statianor.
1174 1977 1177 1984 ,

405 2035 489 2110 XV.
519 2039 671 2110 Mdrnairc
681 2037 743 2134 sar
755 2043 880 2134 Vinus,
905 2045 1017 2154 nuqnpl
1035 2043 1228 2120 l'Acodernit
1245 2039 1362 2138 Rapuit

360 2164 414 2236 des
438 2163 644 2258 inscriptions
670 2161 712 2249 ἐξ
744 2169 845 2244 Belias
860 2209 875 2228 ·
892 2169 1018 2244 Ltltccs
1041 2201 1061 2248 a
1087 2172 1207 2271 cajagl
1232 2170 1360 2246 lcPrir

358 2270 400 2364 'dc
417 2291 447 2364 la
465 2293 558 2365 Sciat
589 2291 718 2364 Macrin
740 2313 843 2388 1775.
868 2295 935 2369 Par
957 2295 1027 2371 Mc.
1048 2297 1197 2376 Iaccho.
1221 2298 1257 2374 A
1266 2295 1357 2368 Parit

360 2417 426 2491 ie.
448 2418 691 2490 Commentarius
706 2421 877 2509 ‹lchncca
894 2421 936 2494 od
945 2445 1052 2516 anam,
1069 2447 1099 2500 a.
1111 2425 1141 2502 d.
1155 2425 1203 2498 St.
1217 2424 1360 2496 Martini

365 2561 483 2635 1775,
510 2543 680 2620 Academia
705 2543 809 2641 Regia
830 2541 1069 2652 inscriptionum
1093 2551 1233 2622 uiciniae
1254 2565 1355 2642 prat-

362 2673 457 2743 nn'ncn
473 2672 590 2745 detulit.
641 2671 778 2744 Ancora
792 2669 957 2751 Lariano.
976 2695 1079 2770 pagg.
1098 2694 1182 2767 312.
1199 2692 1259 2744 ra.
1271 2670 1352 2766 mai.

360 2798 414 2872 Ex
430 2795 717 2890 disputationibus
739 2793 801 2888 iis,
826 2819 933 2896 quae,
954 2796 1071 2894 judice
1092 2795 1282 2872 Academia
1303 2801 1362 2872 ln·

257 2995 260 3005 ,
358 2921 612 3019 scriptionum,
647 2910 814 3000 victoriae
835 2923 991 3020 praemio
1024 2945 1172 3022 unquam
1195 2923 1362 3006 condeto·

358 3065 454 3122 ratae
474 3045 571 3138 sunt,
597 3046 765 3148 insignem
779 3049 1034 3134 habet‘laudem
1053 3051 1185 3128 baccce
1202 3051 1361 3130 Larcberi

362 3171 412 3246 V.
430 3173 479 3247 Cl.
498 3171 695 3267 disputatio.
737 3177 832 3250 Nam
847 3174 886 3253 dc
901 3195 1139 3277 argumentum
1156 3176 1230 3273 eju
1247 3174 1358 3272 magni

356 3313 416 3368 est
459 3299 626 3372 moment-i
661 3299 711 3376 in.
738 3299 964 3402 Mytbologia
1003 3292 1227 3401 universaque
1278 3303 1359 3378 adeo

358 3421 585 3518 antiquitate,
608 3424 650 3500 δι’
669 3425 828 3502 tradlatio
849 3427 922 3524 ejus
943 3445 1045 3528 atque
1061 3429 1251 3529 explicatio
1267 3431 1364 3510 daun

362 3569 414 3622 est
444 3569 487 3624 ex
517 3548 595 3646 ipsa
627 3549 802 3626 dodirinae
829 3551 1010 3649 fontibus,
1042 3577 1145 3656 atque
1172 3560 1291 3641 exacta
1321 3560 1366 3636 ad

362 3693 491 3750 certam
511 3692 772 3776 accuratamque
796 3683 974 3762 rationem.
1026 3683 1179 3762 Primum
1204 3683 1369 3783 congesta

362 3818 415 3876 ost
434 3799 576 3874 materia
601 3803 802 3899 amplissima
828 3807 1119 3911 copiofissrmaque
1143 3836 1188 3889 ex
1211 3811 1291 3911 ipfis
1310 3834 1370 3888 ve·

236 3935 238 3943 '
361 3926 491 4002 teribus
507 3929 777 4010 monumentis:
810 3933 936 4012 deinde
959 3937 1048 4014 hanc
1075 3939 1256 4016 materiam
1282 3941 1369 4016 bene

363 4054 569 4134 intellectam
606 4057 883 4168 perspectamque
923 4063 1045 4148 habuit
1084 4066 1236 4166 audior,
1278 4067 1372 4172 quod

339 4183 344 4198 ‘
1324 4190 1375 4272 ad
