2904 5248
361 453 424 580 32
642 471 1146 626 nnununnun

160 651 162 671 ¹
285 681 288 688 “
380 672 446 746 hos
462 687 580 744 omnes
594 669 754 768 benignej
762 668 977 768 excipiebat,
987 667 1178 769 insignique
1194 663 1341 758 favore,
1365 663 1406 745 ec

378 795 618 872 munificentia
647 781 926 894 prosequebatur.
978 799 1019 874 In
1054 797 1108 872 his
1132 817 1220 870 vero
1242 796 1406 892 primum

379 913 857 1006 locumdabatdlstronomir
880 922 919 1002 dc
941 921 1224 1014 Mathematicis,
1249 947 1405 1020 quorum

201 1075 209 1082 ·
314 1099 316 1121 r
383 1071 462 1122 cum
478 1047 595 1123 studiis
614 1047 759 1146 ipsemet
774 1050 897 1126 eratin
913 1031 1032 1149 primis
1047 1047 1402 1143 deditus,tumetiam

379 1173 535 1249 dottrina
549 1173 731 1273 diligenter
751 1179 917 1254 utebatur.
1029 1244 1033 1252 ,

429 1299 494 1372 Sed
511 1353 521 1388 ,
538 1316 588 1372 ut
610 1321 679 1374 tam
703 1301 806 1376 ardua
828 1323 882 1378 res
898 1336 919 1394 ,e
940 1303 1047 1401 qualis
1066 1319 1118 1378 eat
1143 1301 1324 1377 literarum
1352 1325 1395 1410 er
1420 1361 1421 1366 r

377 1423 504 1502 summa
527 1428 679 1502 barbarie
703 1424 919 1521 instauratio,
945 1453 1015 1506 non
1038 1446 1155 1526 potest
1176 1431 1220 1502 ab
1238 1453 1317 1504 uno
1335 1431 1391 1506 ho
1420 1457 1421 1504 l

378 1549 472 1628 mine
501 1551 649 1648 perfici,
682 1555 722 1632 de
745 1559 856 1656 plures
879 1533 1123 1655 requiruntur,
1148 1556 1237 1652 qui,
1276 1559 1335 1630 vel
1358 1556 1386 1631 in

373 1675 574 1754 societatem
594 1681 819 1777 pulcherrimi
839 1681 972 1757 consilii
1003 1681 1172 1756 accedant
1187 1707 1205 1776 ·,
1233 1685 1297 1758 vel
1324 1683 1384 1777 id,

250 1838 251 1846 κ
365 1787 467 1897 ,quod
491 1806 532 1876 ab
561 1805 634 1879 aliis
657 1807 809 1881 feliciter
834 1809 1040 1882 inchoatum
1057 1826 1128 1900 est,
1153 1806 1297 1882 strenue
1311 1835 1383 1906 pro

376 1926 585 2026 sequantur,
612 1933 661 2008 ita
698 1957 817 2030 parum
849 1933 1055 2032 profuissent
1086 1933 1244 2010 Mansuri
1287 1959 1383 2010 eona·

373 2069 455 2142 tus,
489 2055 550 2130 niu
573 2096 586 2144 ,π
620 2059 738 2153 paucis
759 2056 854 2131 annis
879 2057 1097 2154 interjectis,
1124 2064 1237 2136 exorti
1275 2061 1383 2136 essent

369 2175 441 2248 duo
465 2179 639 2275 principes
662 2181 815 2278 egregii,
840 2180 1013 2280 iidemque
1036 2186 1105 2260 viri
1124 2187 1250 2262 literati
1271 2243 1287 2278 ,
1315 2189 1384 2282 Ha

370 2301 560 2389 run,s1ve
592 2293 709 2380 Aaron
758 2304 975 2398 Raschidut,
1007 2306 1047 2384 dt
1085 2315 1265 2402 Manen,
1302 2335 1382 2407 quo

372 2449 449 2500 tum
476 2427 600 2526 insigni
634 2429 671 2502 in
708 2429 859 2506 eruditos
883 2431 1004 2508 fauore
1023 2436 1095 2533 jam
1123 2465 1233 2540 porro
1256 2441 1379 2515 confir·

371 2556 551 2628 mabuntur
572 2538 803 2630 doctrinarum
828 2554 952 2652 studia,
979 2559 1018 2637 dc
1040 2585 1199 2667 tanquam
1216 2567 1265 2643 ad
1280 2588 1379 2643 matu·

371 2675 509 2754 ritatem
540 2677 824 2774 perducebantur.
881 2687 1022 2762 Etenim
1062 2690 1287 2788 Raschidut,
1326 2692 1377 2768 eti

370 2805 508 2890 videtur
533 2789 698 2902 majorem
726 2831 866 2906 operam
892 2813 1102 2914 impendisse
1123 2815 1323 2895 formandis
1338 2841 1379 2894 at·

370 2949 438 3028 que
461 2930 681 3006 emendandis
706 2935 838 3013 civium
858 2939 994 3018 suorum
1009 2941 1179 3038 moribus,
1201 2967 1310 3042 quam
1324 2969 1379 3021 ex·

371 3054 523 3138 colendis
551 3059 787 3156 ponendisque
820 3085 938 3140 eorum
954 3044 1152 3167 ingeniis,
1193 3091 1312 3146 tamen
1343 3071 1380 3146 in

369 3200 415 3251 eo
442 3179 627 3275 censendus
644 3200 696 3258 est
714 3181 756 3257 ad
771 3183 985 3267 incrementa
1000 3194 1218 3272 scientiarum
1233 3199 1386 3272 multum

368 3304 578 3398 contulisse,
604 3305 695 3404 quod
716 3311 865 3390 eruditos
880 3303 1063 3419 benigne,
1089 3323 1313 3415 honorifioe,
1337 3323 1385 3398 li·

368 3429 552 3521 heraliter,
577 3432 777 3532 exciperet,
802 3459 905 3540 atque
928 3443 975 3520 src
1000 3444 1166 3545 plurimos
1185 3450 1385 3542 excitaret,

365 3557 490 3652 qui,ut
516 3559 608 3632 hune
623 3557 782 3644 favorem
797 3571 1052 3668 experirentur,
1077 3577 1185 3652 literis
1197 3575 1386 3650 artibusve

365 3679 549 3779 diligenter
564 3687 812 3778 incumberent.
830 3699 966 3791 Verum
987 3701 1094 3798 majus
1117 3701 1198 3801 quid
1214 3703 1335 3780 inerat
1350 3707 1387 3780 irr

282 3886 283 3889 ,
342 3809 547 3911 Nemone.
609 3817 692 3892 Nec
724 3821 781 3896 ille
812 3821 921 3902 solum
959 3829 997 3904 in
1034 3812 1281 3930 Philosophia,
1330 3859 1385 3910 re-
1420 3847 1421 3864 *

365 3961 508 4036 rumque
531 3943 858 4028 Mathematicarum
880 3953 1085 4052 cognitione
1105 3958 1258 4055 studium
1281 3957 1387 4034 suum

366 4063 552 4166 collocare,
576 4071 703 4174 quique
726 4077 786 4158 has
801 4098 891 4158 artee
907 4105 1111 4202 omnemque
1129 4083 1318 4163 doctrinae
1333 4113 1391 4162 ra·

1152 4246 1154 4252 v
1240 4230 1390 4288 taonem
