2964 5252
152 483 156 492 '
240 505 1017 619 finutnrtottusnnuutonns.
1073 539 1154 615 131

138 693 320 792 marginali
345 691 430 768 nihil
460 693 598 791 quidem
619 647 662 769 sd
684 693 876 770 bonitatem
894 695 1003 788 desit,
1030 721 1149 780 verum

1 835 10 849 “
138 837 257 896 tamen
284 819 454 917 vulgata,
486 839 551 916 per
584 819 855 918 orthographiae
883 825 1036 922 regulam
1069 849 1143 904 non
1201 895 1205 913 „

1 969 2 980 ¹
137 949 239 1046 plane
263 945 482 1033 muscatam,
514 943 618 1043 possst
642 943 678 1018 in
703 946 850 1022 eundem
864 947 1013 1025 'sensum'
1035 959 1145 1052 expli·

138 1075 229 1166 cari,
255 1073 362 1148 etiarn
385 1091 467 1147 tunc
489 1073 616 1172 primas
641 1071 711 1146 esse
736 1075 895 1172 vulgatae
928 1076 1140 1159 deserendas.

135 1203 298 1302 Denique
320 1195 359 1276 δι
383 1201 472 1276 hanc
488 1205 517 1293 ,'
536 1201 596 1274 etsi
612 1198 796 1290 rariorem,
829 1219 887 1276 aut
909 1202 1142 1284 difficiliorem

134 1353 178 1406 ac
205 1329 315 1428 prima
341 1325 455 1426 specie
488 1325 606 1404 minus
627 1314 784 1416 retum‘,
824 1349 939 1406 tamen
965 1335 1143 1428 potiorem

132 1455 221 1547 esse,
247 1459 327 1548 ubi,
355 1452 645 1531 consentientibus
661 1454 870 1530 versronibus
885 1457 1143 1558 codicibusque,

129 1603 247 1683 potest
267 1585 310 1659 ad
334 1585 471 1683 linguae
492 1579 619 1656 veteris
651 1582 843 1680 analogiam
873 1586 1059 1677 revocari,
1093 1591 1143 1664 ita

130 1727 169 1783 ut
190 1709 282 1784 haud
312 1722 482 1805 repugnet
513 1727 621 1780 nexus
655 1710 850 1802 orationis,
885 1713 1083 1808 praesertim
1115 1715 1142 1788 st

130 1837 218 1912 haec
238 1829 477 1912 sublimiorsrt
500 1829 540 1905 δι
562 1835 802 1928 exquisrtior.'’
836 1837 916 1912 ¹lld
939 1839 999 1912 lras
1030 1839 1139 1938 igitui

126 1965 223 2062 leges
261 1958 456 2057 singillatim
486 1956 650 2056 deinceps
687 1947 926 2060 expenduntur
958 1966 1028 2064 ipsa
1061 1971 1138 2042 loca

131 2085 378 2177 controversa,
414 2081 557 2180 adjeilis
585 2088 789 2186 plerumque
812 2089 854 2162 ad
878 2091 1139 2170 illustrationem

128 2213 313 2286 verborum
329 2208 599 2304 somnumque
639 2213 802 2310 loquendi
844 2213 1035 2294 difficilium
1076 2215 1139 2298 ol>

128 2325 379 2414 servationibus
413 2333 653 2410 Grammaticis
685 2337 741 2410 vel
774 2339 913 2413 Criticis
941 2343 1031 2418 haud
1057 2347 1137 2422 sane

124 2461 396 2538 contemnendis.
426 2451 526 2534 'Etsr
558 2479 705 2548 antem,
740 2459 778 2530 id
811 2467 902 2573 qnod
933 2489 975 2540 ex
1007 2476 1136 2569 regulis

67 2591 70 2600 ¹
121 2591 227 2666 modo
251 2582 390 2662 traditis
409 2584 511 2656 facile
535 2579 812 2676 suspicabamur,
837 2587 1001 2682 'plurimis
1023 2593 1059 2690 in
1085 2599 1136 2670 lo.

124 2718 175 2791 cis
198 2712 384 2788 tectionem
415 2707 591 2802 vulgatam
624 2705 779 2801 praefert
811 2709 952 2790 lectioni
977 2721 1136 2795 Masore·

77 2862 81 2886 ⁴
120 2819 260 2928 thicae,
286 2853 389 2932 atque
410 2831 453 2906 ad
475 2833 650 2929 vulgatam
670 2835 832 2913 tuendam
857 2841 1136 2942 negligi-tinum

122 2966 202 3040 dum
225 2959 394 3036 rationem
417 2955 670 3054 fimplicitatis,
704 2981 817 3039 tamen
850 2965 884 3038 ei
900 2968 1061 3046 wlibenter
1093 2961 1139 3050 in'

117 3092 218 3170 laude
241 3083 402 3190 ponimus
422 3083 637 3182 ingenium,·
657 3115 723 3187 quo
741 3167 746 3176 ,
761 3089 836 3166 usus
859 3113 913 3166 est
931 3093 966 3168 in
987 3099 1130 3196 excogi·
1195 3140 1199 3154 ι

118 3219 231 3296 fandis
254 3207 485 3311 argumentis,
510 3209 634 3308 quibus
656 3213 844 3290 sententiae
858 3215 936 3291 suae
957 3225 1030 3297 veri
1055 3225 1134 3324 spes

121 3329 452 3421 ciemconciliairet.
494 3339 656 3412 Ceterum
688 3340 843 3432 austor,'
861 3347 918 3441 qui
942 3371 1059 3422 recens
1084 3372 1136 3426 ert·

119 3468 301 3566 disciplina
316 3469 374 3566 Joa
397 3467 469 3562 Jac.
486 3465 688 3540 Schultensri
706 3467 858 3565 prodiit,
886 3473 934 3546 nil
949 3473 1038 3545 aliud
1060 3475 1127 3548 hae

118 3597 308 3694 scriptione
328 3583 517 3689 spectarit,
543 3617 648 3691 quam
666 3613 703 3668 ut
720 3589 970 3690 progressuum*
987 3601 1135 3676 suorum¹

118 3727 293 3824 specimen
315 3719 425 3794 darer.-
452 3776 456 3794 .
478 3719 593 3818 Quare
615 3717 639 3792 sr
668 3719 726 3816 qui
750 3715 827 3798 sunt
851 3723 889 3802 ln
920 3727 988 3801 lroc
1010 3729 1126 3800 libello
1146 3742 1148 3748 ’

119 3855 188 3928 loci
205 3877 273 3927 non
293 3840 568 3937 satis-elaborati,
594 3844 633 3920 hi
655 3843 867 3926 documento
883 3853 955 3927 esse
973 3853 1138 3946 debenus
1259 3831 1262 3836 ¹

119 4003 216 4071 eum,
244 3981 392 4054 lectuac
412 3965 519 4069 n'ulgo
535 3971 638 4062 solet,
665 3973 844 4072 eripsrus,
870 3979 1121 4076 cujusnuminc

118 4105 249 4200 fertur,
273 4103 418 4205 ingenio
438 4099 632 4200 profertum
657 4099 750 4178 esle'
819 4148 861 4178 .·
1000 4154 1008 4166 -
1127 4159 1136 4170 .

132 4241 229 4338 t..
557 4231 622 4307 la
899 4307 901 4318 .
988 4236 1121 4316 XXVL

1 674 13 755 l
