2986 5262
366 492 482 614 7⁶.
591 457 1127 558 IAMRYANT.

373 671 482 752 nium.
531 665 642 762 Nunc
664 657 872 760 reliquorum
887 656 1040 756 capitum
1054 677 1257 760 argumenta
1268 661 1391 740 brevi-
1460 721 1461 756 ,

293 779 294 784 Ν
375 815 430 874 ter
451 813 697 872 enumeremus.
743 782 1024 884 Disputationem
1040 781 1322 890 de'Etymologia
1336 789 1391 864 se.

377 912 493 1022 quitur
515 918 580 997 alia
603 915 861 1015 descriptoribus
887 911 1065 988 Helladicir
1079 907 1122 993 ei
1135 913 1212 988 ollis
1228 915 1392 1006 Graecis,

377 1049 455 1126 illos
469 1065 575 1125 vocat
589 1039 805 1134 Helladieos,
823 1037 882 1140 qui
897 1037 935 1114 in
948 1036 1020 1138 ipsa
1029 1037 1189 1130 Graecia,
1202 1039 1265 1114 hor
1280 1040 1395 1140 Grae·

284 1201 287 1210 ·
378 1195 458 1266 cor,
482 1171 541 1273 qui
561 1188 657 1248 extra
680 1163 862 1245 Graeciam
880 1163 1051 1248 vixerunt
1098 1167 1178 1241 Illos
1194 1185 1396 1246 exterarum

378 1321 492 1374 rerum
514 1295 672 1392 ignaros,
695 1293 760 1368 hos
784 1292 895 1390 magis
920 1291 1053 1391 peritos
1076 1311 1192 1368 earum
1207 1291 1312 1373 fuisse
1328 1293 1395 1372 ait.

378 1425 592 1530 Quamquam
616 1442 800 1518 perperam
820 1417 965 1494 eandem
980 1416 1087 1492 fidem
1108 1442 1150 1493 ac
1173 1419 1309 1495 laudem
1328 1419 1396 1495 tri·

246 1541 249 1550 ’
376 1551 453 1628 buit
476 1545 676 1636 Christianis
694 1571 736 1624 ae
759 1547 909 1636 exteris,
936 1567 1016 1620 uam
1032 1543 1301 1622 Christianorum
1318 1545 1397 1644 ple·

267 1779 270 1787 Ι
292 1773 297 1808 Ι
374 1677 475 1778 rique
505 1699 577 1752 non
599 1675 735 1754 aliunde
756 1697 872 1752 rerum
894 1671 1127 1750 Orientalium
1150 1671 1397 1771 cognitionem

268 1793 275 1812 ’
376 1803 576 1893 hauserant,
601 1823 704 1900 quum
725 1815 769 1879 ex
794 1804 890 1880 libris
911 1799 1040 1876 veterio
1060 1796 1290 1876 Testamenti.
1338 1799 1396 1874 De

237 1997 241 2007 .
378 1938 500 2029 origine
520 1932 772 2021 Helloditorum,
796 1927 833 2004 in
848 1951 914 2028 qua
932 1927 1057 2003 multos
1074 1924 1277 2027 scriptorum
1295 1926 1397 2001 locos

380 2053 529 2148 colligit,
543 2056 665 2144 quibus
674 2053 887 2124 Graecorum
904 2055 1005 2147 origo
1013 2053 1057 2126 ab
1065 2053 1253 2149 Aegyptiis
1264 2053 1399 2151 repeti·

319 2261 322 2269 ¹
377 2193 443 2248 tur.
471 2175 523 2247 De
538 2177 671 2268 antiquo
685 2175 853 2268 religione,
870 2169 913 2258 ii
925 2177 1050 2248 ratione
1067 2179 1295 2272 etymologica,
1312 2201 1400 2276 quat

380 2299 452 2372 inde
478 2299 588 2372 oritur.
614 2373 617 2409 r
640 2299 693 2370 De
717 2299 803 2372 cultu
826 2299 971 2398 religioso
986 2287 1211 2397 speluncono’n
1235 2299 1400 2402 &ignia

381 2425 433 2500 De
457 2425 594 2526 Omploi,
616 2419 660 2510 ὅ)
680 2427 818 2500 ammittis
831 2427 918 2500 cultu
934 2429 969 2500 io
986 2425 1100 2521 exelfis
1116 2429 1203 2506 iotis.
1227 2429 1279 2507 De
1293 2429 1403 2508 Potor

338 2603 341 2612 ·
380 2547 425 2634 ii
448 2553 568 2626 Porro:
593 2549 637 2624 ab
661 2531 881 2649 Aegy'ptiaca
904 2576 995 2630 voce
1016 2555 1124 2655 (Gen.
1140 2555 1233 2630 XLI:
1252 2561 1274 2638 8
1282 2611 1294 2649 ,
1314 2555 1400 2660 13.)

161 2701 167 2714 ·
304 2760 305 2768 ἵ
381 2675 564 2750 deducitur
578 2669 842 2766 Pater,‘Paoera
857 2679 1084 2771 sacrificialis,
1097 2682 1207 2773 Petro,
1226 2701 1293 2760 cet.
1315 2685 1403 2760 Dis·

380 2801 507 2906 putatio
521 2805 557 2878 de
574 2803 653 2875 Diis
670 2804 878 2878 Graecorum:
894 2825 960 2901 qua
977 2803 1236 2896 demonstratur,
1251 2831 1311 2883 ent
1324 2834 1406 2886 om·

384 2951 445 3006 nes
459 2949 502 2998 ex
517 2949 586 3000 uno
604 2921 795 3020 principio,
812 2922 964 2996 numinis
979 2929 1171 3020 numinum,
1187 2927 1321 3022 lSolis,
1338 2932 1403 3012 du.

386 3055 460 3130 dios
473 3051 552 3126 esse,
573 3049 626 3126 De
634 3046 860 3124 Phoenicibus:
875 3043 937 3137 ita,
947 3045 1009 3140 ait,
1026 3069 1173 3126 vocatur
1180 3077 1260 3135 orae
1268 3063 1403 3142 mariti.

152 3233 157 3244 ·
304 3219 306 3224 v
386 3203 464 3259 mae
481 3179 602 3280 Syriae
618 3199 658 3252 ea
671 3195 761 3274 perr,
781 3170 818 3247 in
831 3195 897 3270 qua
915 3174 1032 3273 Tyrus
1047 3174 1086 3253 da
1101 3177 1208 3257 Sidon
1219 3181 1403 3280 jacebant:

389 3309 514 3386 horum
536 3303 670 3378 incolae
693 3299 730 3376 i'n
751 3299 799 3376 V.
827 3298 873 3374 T.
889 3299 1030 3402 'saepius
1053 3329 1133 3382 cum
1147 3308 1288 3406 regibus
1305 3335 1403 3393 corn.

391 3451 571 3536 parantur,
602 3425 642 3506 dt
655 3429 763 3524 ¹arbor
788 3405 892 3525 φοῖνιξ
915 3426 1029 3534 'habet
1056 3429 1191 3531 regium
1212 3435 1401 3522 honorem:

392 3590 479 3668 quae
494 3565 549 3641 vis
565 3556 670 3638 e'tiarn
684 3559 722 3636 iu
738 3561 876 3664 origine
891 3561 1042 3640 nominis
1052 3564 1152 3658 inest,
1169 3571 1261 3668 quod
1273 3571 1405 3655 fattum

359 3739 363 3748 ·
393 3713 446 3771 est
461 3717 505 3768 ex
519 3695 583 3782 Pi,
606 3683 762 3787 praefixo
778 3687 1018 3792 Aegyptiam,
1036 3677 1082 3767 ’ἃ
1099 3693 1212 3787 Anac,
1234 3725 1303 3780 rex.
1349 3701 1403 3782 De

260 3807 262 3814 ’
392 3845 465 3901 ooce
486 3821 612 3908 Calon,
635 3815 693 3892 seu
712 3816 787 3923 1073
811 3821 1045 3897 Hebraeorum:
1078 3843 1100 3895 a
1126 3843 1193 3918 qua
1216 3845 1308 3902 voce
1330 3831 1404 3906 Ae.

395 3937 560 4050 gyptiaca
584 3965 663 4020 curn
693 3941 866 4022 Graecum
879 3919 985 4048 ;K.⁰'“'
1007 3965 1121 4024 ortum
1142 3947 1210 4044 srt,
1241 3952 1407 4057 deceptos

266 4079 270 4088 ’
329 4095 336 4108 ’
379 4078 564 4200 ¹Graecos,
573 4075 673 4171 dicit,
681 4073 1226 4166 mitadeCooidursomniatse.De
1238 4088 1347 4190 Cluso,
1356 4093 1406 4186 qui
1460 4169 1461 4178 Ν

1311 4222 1407 4296 ariao
1460 4191 1461 4222 ἶ
