2904 5248
392 451 436 523 ω
637 431 1157 540 'ABULFEDAE

385 615 594 692 Motlaffero
625 613 766 727 primo,
808 622 903 718 cujus
933 640 1071 720 patruus
1108 647 1181 705 erat
1211 629 1417 718 saladinus.

391 741 458 814 Sed
486 765 564 814 cum
584 742 628 815 A.
649 744 697 820 H.
715 754 807 839 698,
833 751 914 826 Chr.
939 765 1054 844 1298,
1080 752 1150 829 stne
1167 756 1285 833 liberis
1301 760 1420 838 dece·

269 872 273 884 '
340 930 345 943 ,
388 865 487 938 deret
508 867 723 946 Modaffems
739 875 885 970 tertius,
912 876 1107 954 Abulfedae
1121 887 1310 979 patruelia,
1345 896 1416 966 tol·

386 991 518 1063 lebatur
545 993 631 1070 haec
657 999 806 1098 dignitas
828 1025 871 1078 err
886 997 1019 1076 familia
1038 1005 1282 1102 Ejubidarum‚
1309 1012 1362 1088 ἃ
1392 1043 1411 1092 a

386 1119 549 1210 Sulcum,
586 1120 647 1216 qui
676 1141 759 1198 tunc
784 1127 979 1226 regnabat,
1012 1129 1175 1230 Nasam,
1200 1136 1410 1220 Kelawunit

272 1303 273 1306 ,
383 1243 461 1318 filio
480 1243 523 1316 de
542 1245 727 1322 Mamlucis
742 1225 926 1347 Turcicis,
952 1255 987 1333 in
1010 1259 1156 1358 aliquem
1172 1264 1303 1342 ducum
1318 1271 1403 1347 suo·

384 1391 459 1444 run
471 1368 871 1470 'conferebatur,lrustra
888 1382 1061 1458 renitente
1079 1388 1277 1484 Abulfeda‚
1306 1418 1400 1474 eum·

260 1498 264 1507 '
340 1501 344 1522 ¹
384 1495 528 1592 quesibi
545 1489 731 1595 honorem,
757 1525 915 1604 tanquam
934 1509 1089 1588 debitum
1105 1537 1148 1588 err
1160 1515 1239 1612 jure
1257 1519 1396 1598 heredi·

380 1623 483 1714 tatis,
509 1622 709 1720 postulante.
763 1635 837 1708 Hic
859 1636 988 1734 igitur,
1013 1635 1131 1714 relibla
1154 1643 1338 1739 Hamae,
1363 1651 1391 1726 ir

382 1770 447 1844 qua
472 1752 556 1824 urbe
580 1775 643 1849 per
666 1756 801 1854 aliquod
830 1757 985 1858 tempus,
1012 1789 1090 1841 cum
1112 1775 1271 1878 patruele
1299 1778 1388 1852 vixe-

380 1891 459 1962 rat,
486 1846 693 1954 Damascum
706 1885 881 1962 contessrt.
936 1889 1056 1966 Postea
1072 1921 1156 1970 vero
1173 1897 1256 1974 inde
1278 1926 1387 2002 egres·

379 1997 453 2088 sus,
478 2002 636 2078 interfuit
661 2009 875 2102 expeditioni
902 2017 1045 2094 bellicae
1069 2027 1385 2104 aSultanoadver·

376 2117 431 2192 fus
448 2123 595 2194 Tartarus
617 2125 808 2227 susceptae,
833 2141 1000 2240 rebusque
1023 2147 1162 2224 fortiter
1178 2177 1220 2227 ac
1235 2161 1384 2252 praecla-

374 2263 414 2312 re
428 2243 530 2339 gestis
546 2271 703 2348 magnam
718 2254 780 2330 srbi
795 2264 939 2356 gratiam
956 2276 1155 2352 conciliavit
1171 2283 1266 2378 apud
1288 2308 1385 2381 eum,

374 2367 424 2485 ita
452 2391 488 2442 ut
512 2395 580 2446 non
604 2377 730 2472 solum,
755 2386 801 2460 A.
818 2389 866 2465 H.
886 2415 976 2488 710,
1003 2399 1081 2476 Chr.
1101 2427 1218 2499 1310,
1245 2413 1380 2506 praeie-

375 2493 504 2571 tauram
527 2503 720 2596 Hamatae‚
746 2533 845 2606 quarn
865 2515 995 2616 saepius
1012 2549 1221 2627 rogaverat,
1247 2539 1380 2614 obtine·

308 2657 311 2664 ·
349 2669 354 2692 .
373 2643 445 2715 ret,
472 2645 628 2725 tanquam
649 2631 959 2740 vicariussntani,
978 2651 1143 2752 hujusque
1157 2661 1310 2736 nornine
1325 2665 1373 2740 ab

376 2749 655 2847 ministrandam,
679 2757 737 2834 sed
762 2759 887 2840 deinde
910 2773 1015 2850 etiam
1042 2783 1147 2878 majus
1163 2786 1247 2882 quid
1265 2788 1371 2886 lplcn·

219 2903 223 2926 ι
373 2871 553 2970 didiusque
579 2883 767 2960 accederet.
821 2891 961 2971 Etenim
986 2903 1029 2974 tl.
1054 2905 1103 2980 H.
1129 2931 1220 3002 720,
1248 2916 1296 2988 ab
1321 2938 1375 2990 eu-

373 2995 453 3071 dem
478 2999 631 3092 Narem,
657 3009 924 3092 constituebatur
947 3023 1120 3121 Sultanus,
1145 3033 1170 3112 i.
1195 3059 1227 3112 e.
1247 3041 1376 3119 Domi·

303 3169 305 3177 -
370 3147 454 3216 mrs,
477 3125 546 3200 five
568 3129 727 3228 Princeps
750 3119 952 3244 avloagallag
995 3153 1194 3254 Hamatae,
1243 3168 1376 3264 quique

368 3232 527 3306 adhunc
550 3236 684 3314 titulum
706 3246 943 3348 pertinebant,
971 3263 1120 3344 honores
1136 3271 1174 3348 n
1195 3276 1379 3376 majestas,

333 3394 339 3426 .·
368 3353 430 3430 etfi
453 3360 595 3438 multum
618 3365 766 3444 restricla
783 3377 973 3481 potestate,
998 3391 1138 3472 sollenri
1154 3426 1305 3499 pompa,
1332 3412 1382 3484 ad

285 3515 287 3520 .
370 3505 450 3559 eum
471 3485 720 3572 deferebantur.
770 3499 828 3576 nd
861 3509 927 3582 tale
950 3515 1057 3612 igitur
1078 3521 1254 3623 dignitatis
1267 3531 1378 3610 fasti-

367 3608 464 3707 giam
480 3616 617 3690 evellar
632 3621 832 3719 Hamatenis
845 3635 995 3730 praefuit
1013 3667 1117 3743 usque
1137 3649 1176 3724 ad
1194 3673 1381 3770 mortem,

370 3757 455 3830 quae
476 3739 603 3814 accidit
624 3744 674 3820 A.
686 3748 734 3822 H.
755 3773 847 3850 733,
873 3763 951 3840 Chr.
974 3790 1089 3869 1332,
1112 3779 1289 3882 filiumque
1308 3791 1382 3866 Af·

367 3861 477 3936 dalum
500 3867 635 3964 reliquit
661 3874 799 3972 imperii
824 3883 1000 3992 heredem.

428 3989 532 4069 Vixit
545 3993 655 4098 igitur
663 4002 775 4084 noller
784 4009 945 4096 adhucea
957 4043 1090 4128 aetate,
1114 4019 1181 4136 qua
1197 4041 1388 4126 literarum

1247 4173 1387 4255 'llntlia
