2956 5268
323 489 357 665 μ’
387 551 434 642 3⁶
532 541 857 622 nnnnncrn
889 539 1052 620 conr.
1079 491 1280 662 onnon

387 721 545 797 bonensis
568 719 606 796 ἅ
635 721 751 820 regiae
773 715 959 794 Parifiensss
984 713 1137 793 conferri
1153 685 1393 794 ‘curavit'edi-

381 864 464 940 tor,
489 873 633 946 quorum
646 847 809 922 lectiones
831 843 972 919 subinde
993 844 1292 920 commemoratin
1312 845 1394 920 No:

386 967 441 1046 tis.
495 975 662 1070 Ordinem
693 969 893 1070 idylliorum
923 963 1297 1069 vulgatum-deseruit:
1330 960 1399 1046 seri

386 1099 572 1177 temonem
594 1107 727 1200 quoque
745 1097 896 1197 saepius,
913 1097 1112 1196 praesertim
1133 1096 1168 1172 in
1185 1093 1402 1172 revocandis'

303 1238 305 1246 ’
362 1229 532 1305 xDonicis
553 1227 692 1317 formis,
724 1247 803 1297 raro
831 1243 947 1299 tamen
973 1227 1063 1303 farta
1086 1223 1274 1302 mentione.
1325 1225 1394 1298 At·

390 1379 457 1454 qne
479 1354 597 1426 eadem
620 1351 754 1425 ratione
769 1351 809 1425 in
822 1353 959 1450 reliquis
974 1333 1214 1432 Bucolicorum
1234 1352 1399 1428 carmini·

388 1483 447 1554 bus
468 1477 617 1552 versatus
638 1496 701 1554 est.
743 1479 902 1552 Doricos
923 1497 1018 1552 certe
1033 1478 1161 1553 format
1181 1477 1283 1554 nimis
1300 1476 1395 1552 sedo·

386 1607 420 1678 ie
443 1620 545 1700 atque
559 1605 691 1678 curiose
708 1603 834 1704 ubique
847 1603 992 1681 invexit.
1017 1603 1103 1678 Non
1117 1601 1235 1680 eadem
1253 1623 1309 1680 eet
1325 1605 1396 1680 dia·

385 1723 492 1800 lenos
532 1729 717 1806 Theocriti
745 1749 849 1829 atque
873 1728 1073 1826 Epicharmi
1098 1753 1108 1801 ε
1135 1729 1222 1803 haec
1256 1733 1396 1830 antiqua

387 1873 440 1927 est
455 1853 608 1949 Dorica,
632 1879 743 1954 neque
756 1855 831 1929 fere
847 1855 928 1953 quid
944 1879 1023 1932 cnm
1045 1854 1120 1930 aliis
1134 1879 1320 1932 commune
1334 1859 1399 1933 ha·

389 1981 466 2058 bet:
493 1983 549 2057 ilia
567 1984 759 2077 recentior,
784 1981 841 2056 cui
858 2005 902 2055 ex
916 1981 991 2056 aliis
1008 1981 1112 2058 etiam
1125 1979 1276 2056 dialectis
1291 2007 1403 2083 qnae·

289 2145 293 2160 ·
388 2107 467 2178 darn
505 2109 648 2178 admista
680 2107 767 2176 sunt.
820 2107 940 2213 Imque
962 2104 1036 2200 ipse
1059 2093 1331 2202 Valckenarius,
1370 2131 1404 2184 ut

388 2231 505 2305 multis
526 2229 611 2304 locis
630 2230 828 2302 Dorismum
844 2229 1014 2320 restituit,
1039 2229 1088 2304 ita
1103 2233 1194 2308 haud
1207 2259 1282 2312 raro
1299 2259 1408 2314 com·

307 2423 309 2426 .
387 2380 526 2431 munem
543 2353 688 2428 formam
707 2355 920 2430 retinendam
937 2353 1008 2428 esse
1020 2355 1202 2451 judicavit.

438 2485 517 2557 Hos
540 2477 746 2578 excipiunt,
770 2477 928 2576 Dofiodao
960 2481 1080 2572 Arae,
1106 2471 1281 2581 Phannclir
1308 2487 1408 2588 frag.

388 2629 544 2714 mentum
561 2609 605 2682 de
622 2605 756 2704 Orphei
772 2605 962 2696 amoribus,
986 2609 1163 2684 Alexandri
1177 2616 1287 2694 Aetoli
1303 2617 1410 2714 quin.

389 2759 457 2836 que
478 2736 744 2834 epigrammata,
769 2729 808 2805 &
833 2727 981 2803 totidem
1004 2731 1181 2806 Phalanti:
1208 2755 1302 2816 tum
1308 2743 1405 2816 Calli
1378 2755 1413 2816 J.

391 2861 498 2934 machi
527 2918 537 2950 ,
571 2855 630 2956 qui
666 2855 792 2928 restant
821 2851 944 2950 hymni
976 2847 1016 2924 ἃ
1037 2845 1317 2976 epigrammata.
1376 2867 1409 2938 in

389 2973 498 3080 hujus
505 3000 672 3056 contextu
687 2977 945 3066 constituendo,
970 2975 1019 3048 ita
1037 2946 1113 3064 ¹fere
1134 2975 1246 3054 actum
1269 3003 1356 3076 est,
1377 3009 1409 3059 nr

298 3147 302 3158 ·
389 3109 429 3183 in
454 3099 661 3180 Theocrito.
696 3107 749 3178 In
773 3097 1074 3208 epigrammatibus
1102 3091 1229 3196 etiam,
1255 3128 1333 3182 non
1352 3135 1409 3183 or·

339 3241 344 3257 '
387 3227 435 3308 rio
462 3251 592 3305 tanturn
616 3245 774 3326 receptus
798 3223 932 3324 penitus
950 3227 1101 3304 turbatus
1117 3247 1190 3320 est,
1214 3227 1271 3305 sed
1298 3233 1412 3310 tertio

387 3353 511 3438 itidem
535 3353 673 3454 vulgata
690 3352 780 3428 haud
796 3373 873 3426 raro
902 3349 1009 3426 tacite
1031 3371 1171 3434 mutata.
1220 3358 1265 3462 in
1293 3359 1412 3458 epigr.

387 3480 491 3574 XIV.
501 3505 585 3580 ‚ap
578 3479 653 3554 Br.
670 3479 787 3568 LIlI.;
810 3479 1109 3558 commemoranda
1120 3498 1192 3554 erat
1205 3479 1413 3578 comestura

388 3597 484 3682 Petri
508 3603 535 3678 F
536 3626 703 3704 onternn,
716 3597 1013 3700 intelligentissrmi
1034 3603 1244 3705 antiquarum
1258 3609 1410 3710 elegam·

390 3719 515 3872 tiarom
534 3712 674 3831 judicis:
949 3819 955 3832 ἱ
1032 3799 1039 3810 ,
1138 3837 1141 3844 Ι
1199 3797 1204 3810 .

356 3999 359 4006 ,
393 3937 556 4028 Οὗτος
543 3932 622 4044 εμος
642 3932 752 4046 &⁰7⁰⁵
770 3939 874 4051 ὔμμιν
892 3933 1054 4033 ἇλπθῑῖὃς
1076 4009 1089 4046 ‚
1111 3931 1215 4062 mh
1233 3935 1295 4033 'rii
1312 3941 1411 4044 isio,

457 4087 640 4182 Πωλιῗταιι
659 4097 811 4230 Xathroi
823 4081 1101 4222 hierihoh
1119 4097 1212 4212 &iin-
1433 4145 1436 4225 p

400 4309 510 4384 ..o
925 4342 936 4378 a
1317 4259 1403 4334 vur-
