2964 5252
290 424 382 498 108·
414 407 804 490 RELATIONES
834 411 1186 497 BREVIORES.

293 621 434 702 operam
455 593 577 693 perdet
603 594 738 688 audior,
772 593 799 670 st
826 617 947 697 pergat
973 597 1122 675 studium
1148 599 1246 678 suurn
1273 603 1317 682 in

296 723 459 824 Tragicia
478 743 636 820 ponere,
669 722 771 822 eique
793 722 908 800 studio
936 727 1100 826 adjungat
1120 725 1316 804 lethonem

296 854 505 950 reliquorum
520 851 733 950 Scriptorum
750 875 793 926 ac
808 855 999 930 Poetarum.
1027 853 1183 928 Minime
1195 853 1316 929 deerit

297 981 384 1058 huic
405 999 531 1076 operae
554 974 611 1051 sua
632 979 705 1054 laur
731 979 959 1078 alegentium
974 977 1088 1053 studio
1113 975 1155 1053 tit
1178 977 1307 1058 fructu.

214 1121 237 1138 “·
285 1093 428 1210 'Quodsi
448 1103 543 1180 enim
559 1102 725 1200 majorem
750 1105 886 1202 copiam
908 1103 1076 1201 ejunnodi
1094 1105 1305 1182 animadver-

300 1236 433 1312 sionum
456 1230 632 1330 pepererit
656 1229 694 1306 dr
709 1229 747 1304 in
760 1231 872 1306 lucent
887 1227 1055 1321 ediderit,
1081 1228 1301 1312 dubitandum

302 1387 374 1439 uon
396 1377 473 1452 cat,
499 1357 582 1457 quin
598 1356 738 1432 liberab
752 1357 911 1454 antiquae
924 1356 1104 1434 doetrinae
1117 1361 1302 1440 amantibus
1452 1325 1455 1424 i

303 1485 430 1586 cupide
451 1500 643 1582 expetatur.
694 1482 750 1558 Ad
773 1481 980 1580 Aeschylum
1001 1485 1115 1560 denuo
1135 1487 1302 1568 edendum

165 1642 168 1653 ·
304 1616 373 1694 viri
397 1601 493 1688 dotti
517 1609 660 1687 subinde
679 1611 816 1709 quidam
839 1611 990 1686 animum
1019 1612 1241 1709 adjecerunt,
1264 1615 1307 1692 dc

305 1739 501 1841 nuperrime
534 1737 566 1832 J.
594 1737 651 1813 Fr.
677 1737 876 1812 Matthaeus
910 1738 957 1814 V.
976 1737 1053 1814 ct:
1090 1739 1150 1836 qui
1173 1739 1311 1816 codicea

304 1869 411 1948 etiam
426 1861 653 1962 Musqueusea
680 1863 716 1938 in
740 1863 906 1942 auxilium
931 1863 1106 1941 adhibuit:
1134 1869 1230 1965 cujus
1243 1867 1307 1945 viri

150 1991 156 2019 ¹
306 2019 411 2097 opera
440 1991 537 2068 stad
576 1991 728 2089 ejusdem
759 1989 889 2066 consilii
924 1991 1128 2070 societatem
1151 1993 1308 2088 accedat,

307 2121 418 2204 editio
443 2115 589 2228 amplior
612 2115 831 2213 ornatiorque
854 2115 931 2190 heri
948 2119 1062 2216 possit.

356 2247 476 2324 XVII.
500 2242 675 2341 Aeschylo
706 2244 944 2340 subjungamus
971 2249 1153 2349 Euripidem
1166 2306 1180 2346 ,
1214 2255 1306 2352 cuju!

186 2405 189 2412 ·
304 2371 505 2474 nuperrime
529 2370 572 2444 ad
605 2391 668 2444 nos
695 2367 806 2442 delata
834 2387 885 2442 est
913 2371 1024 2452 editio
1054 2378 1305 2476 Mutgraviaua.

308 2499 424 2595 Hujus
449 2515 573 2596 quanta
597 2491 713 2573 suerit.
736 2491 947 2590 exspeuatio
978 2505 1023 2582 ab
1045 2527 1084 2578 to
1104 2501 1183 2578 inde
1213 2521 1299 2576 tem·

310 2649 416 2726 pore,
441 2649 510 2724 quo
525 2622 571 2702 de
593 2622 791 2720 Murgravii
812 2625 954 2702 consilio
974 2627 1067 2706 fauna
1090 2625 1303 2725 percrebuit,

309 2729 668 2836 neminiGraecarum
689 2750 865 2836 literarum
878 2750 1028 2832 studioso
1046 2757 1228 2831 obscurum
1243 2753 1312 2828 etse

310 2899 439 2980 potest.
504 2877 550 2954 Et
580 2879 679 2954 uobis
709 2903 753 2956 eo
777 2879 958 2977 jucundius
989 2880 1311 2976 subintellexisse,

199 3051 202 3056 ·
285 2985 482 3097 ,cumulate
505 3003 596 3116 hanc
619 3008 791 3105 expletam
812 3003 884 3080 esse
909 3005 1221 3104 exspectationem,
1246 3033 1311 3110 quo

136 3191 143 3212 .
307 3129 417 3226 rnajor
442 3153 484 3206 ea
510 3130 771 3228 diuturniorque
795 3123 931 3224 suerat,
958 3155 1037 3208 curn
1053 3153 1198 3232 propter
1210 3135 1311 3234 iphur

308 3255 508 3354 Musgtavii
532 3253 711 3355 ingenium
727 3273 830 3356 atque
845 3255 1055 3351 doiirinam,
1080 3279 1154 3338 tum
1172 3283 1315 3364 propter

307 3383 549 3480 exemplorum
572 3381 859 3482 Euripideorum,
886 3385 926 3468 iu
946 3387 1065 3486 prirnit
1090 3409 1136 3462 erc
1158 3389 1319 3487 proxima
1453 3431 1454 3479 r

306 3509 465 3606 editione
480 3507 694 3602 Barnessana,
712 3533 790 3588 curn
801 3513 982 3610 jejunitate
1002 3515 1243 3616 paucitateque
1259 3539 1318 3590 ca·

304 3640 459 3714 ritatem.
510 3635 609 3738 Quae
630 3639 769 3734 quidem
792 3641 1025 3738 exemplorum
1042 3641 1194 3740 paucitas
1215 3640 1324 3718 etiarn

305 3760 454 3852 effecit,
482 3781 520 3836 ut
544 3763 731 3860 Liphensea
756 3765 793 3842 in
819 3766 970 3844 animum
993 3769 1200 3846 inducerent
1223 3793 1328 3844 recu·

302 3890 390 3979 ‚dere
416 3889 618 3989 Euripidem
632 3877 898 3968 Barnesranunr:
931 3895 1026 3992 cuius
1050 3895 1158 3992 adeo,
1183 3898 1209 3972 fi
1232 3897 1326 3974 fider

301 4015 533 4115 conhabendo
561 4019 727 4120 Catalogo
751 4042 921 4100 nouorum
947 4023 1132 4104 Librorum
1147 4047 1326 4121 ,nuper-

1198 4171 1313 4228 trune
