2986 5262
1027 396 1050 439 ἱ

373 539 425 632 ψ
577 519 1203 606 nuuuouun

252 754 254 760 ¹
377 709 595 814 ryxinachus
616 707 788 800 medicus,
813 725 959 802 eumque
975 697 1226 786 rationibtuex
1240 709 1398 789 sun'att'e-

381 834 571 934 depromtis
596 835 797 926 confirmat,
829 849 930 930 atque
946 829 1063 906 audior
1080 851 1133 907 ett
1155 836 1318 936 reliquis,
1336 857 1395 920 ¹ut

382 963 503 1064 singuli
533 959 696 1059 deinceps
722 961 878 1038 oratioue
898 955 1012 1034 laudet
1034 957 1174 1034 Amoris
1200 965 1394 1044 celebrent.

382 1088 583 1167 Dimittitur
600 1087 761 1165 tibicina:
776 1087 847 1164 iiue
857 1086 975 1178 dubio,
995 1103 1032 1162 ut
1041 1085 1239 1184 Xenophon
1253 1105 1399 1162 notate·

359 1234 464 1318 ¹tur,
495 1216 554 1314 qui
578 1215 743 1292 tibicinae
763 1213 803 1290 dt
824 1212 904 1288 'aliis
924 1210 1032 1304 ludit,
1058 1211 1095 1288 in
1116 1211 1180 1288 suo
1203 1211 1396 1305 convivio,

237 1385 240 1392 ’
383 1340 475 1418 haud
505 1339 686 1416 obscurum
703 1341 816 1416 locum
833 1337 982 1412 dederat.
1036 1339 1168 1416 Primus
1187 1337 1237 1413 de
1263 1339 1399 1414 Amore

383 1469 473 1544 dicit
503 1468 702 1560 Phaedrus,
735 1488 909 1563 eumque,
944 1463 1098 1540 Hefiodo
1121 1464 1396 1564 Parmenideque

384 1593 605 1685 audioribue,
645 1595 799 1669 Deorum
826 1588 996 1664 ,omnium
1026 1587 1291 1688 antiquiffimum
1321 1589 1396 1666 effe

372 1719 544 1811 ·ostendit,
559 1718 598 1794 dt
611 1717 727 1794 multis
741 1742 785 1794 ex
800 1714 910 1795 veteri
927 1691 1067 1791 historia¹
1084 1718 1267 1817 propositis
1274 1741 1396 1794 exem·

382 1842 833 1942 plitprobat‚ejusdivinant
847 1837 1053 1917 euevimad
1067 1843 1247 1924 hominum
1261 1846 1400 1921 animos

381 1967 426 2042 ad
442 1975 582 2042 on'tnem
598 1968 762 2046 virtutem
779 1963 985 2044 incitandos.
1019 1968 1194 2046 Secundut
1209 1968 1259 2044 est
1273 1973 1398 2048 Pausa·

384 2093 488 2196 nias,
528 2091 583 2166 vir
614 2089 652 2164 in
685 2087 806 2186 primis
829 2067 1004 2182 ,iguntndn
1062 2094 1136 2170 Hit
1168 2097 1394 2195 reprehendit

385 2221 597 2314 Phaedrum,
624 2222 717 2320 quod
737 2220 937 2320 simplicitei
963 2245 1075 2323 neque
1086 2223 1221 2322 J'udicio
1237 2228 1407 2306 laudave-.

384 2351 432 2427 rit
447 2353 635 2438 Amorem,
653 2369 694 2421 ac
709 2345 734 2422 st
749 2347 869 2424 unicus
887 2369 1023 2450 tuntum
1037 2351 1252 2430 etsetAtnot.
1275 2407 1303 2446 ‚,
1319 2356 1397 2433 Ve-

384 2503 480 2570 rum,
496 2473 635 2574 inquit,
659 2492 698 2550 ut
716 2473 842 2572 duplex
865 2474 915 2552 est
937 2479 1077 2570 Venus,
1092 2448 1196 2557 dten
1216 2479 1396 2574 coelestis,

385 2607 490 2680 altera
515 2601 690 2700 vulgaris,
710 2600 760 2676 ita
784 2603 911 2702 duplex
936 2601 988 2678 est
1007 2604 1145 2698 Amor,
1170 2607 1257 2680 nitet
1280 2607 1396 2684 coele·
1446 2610 1449 2618 '

384 2723 631 2825 stit,·vulgntis
649 2726 743 2798 alter.
791 2729 910 2823 Atque
923 2747 1042 2808 natura
1057 2733 1160 2808 etiam
1171 2731 1399 2811 humanarum

384 2833 646 2932 auionumt'atis
661 2849 731 2941 est,
748 2865 786 2924 ut
800 2850 889 2924 nulia
902 2849 946 2926 in.
953 2849 988 2926 se
1000 2851 1072 2949 ipsa
1087 2856 1128 2930 stt
1142 2858 1200 2932 vel
1213 2861 1321 2956 turpis
1332 2864 1400 2938 vel

384 2978 537 3060 honesta.
552 3013 596 3030 -·
634 2976 701 3050 Sed
728 2973 956 3052 Athenienses
975 2976 1013 3053 dt
1030 2979 1306 3056 Lacedaemonii
1316 2985 1397 3060 reli.

385 3133 468 3211 quas
493 3123 636 3204 gentes,
662 3125 741 3176 cum
756 3100 896 3202 aliarurp
914 3103 1030 3202 legum
1045 3099 1212 3202 sapientia
1225 3105 1410 3204 vinuuut,'

388 3257 461 3314 tunt
478 3255 594 3308 earum
609 3227 758 3304 maxime
772 3251 857 3328 quae
869 3228 912 3302 de
928 3228 1059 3303 Amore
1072 3229 1158 3340 sunt.
1191 3233 1288 3314 Nam
1303 3241 1394 3338 apud

385 3365 502 3443 Persas
516 3359 555 3436 ἃ
572 3359 722 3434 Graecos
730 3407 744 3447 ,
764 3355 823 3452 qui
837 3355 962 3430 horum
978 3354 1131 3456 imperio¹
1141 3361 1284 3459 ubjeui
1300 3365 1395 3460 funt,

386 3489 498 3588 turpis
535 3484 678 3561 habetur
718 3505 907 3580 puerorum
936 3503 1032 3558 atnor
1044 3537 1058 3576 ,
1098 3486 1189 3584 quod
1221 3481 1395 3586 tyrannidi

384 3615 535 3692 maxime
554 3608 619 3686 est
642 3606 795 3688 infestus.
853 3607 958 3708 Apud
991 3611 1155 3688 Boeotios
1180 3611 1230 3689 dt·
1243 3611 1397 3688 Elienses

386 3757 531 3832 contra,
556 3735 728 3836 impunita
740 3737 813 3834 ejut
828 3734 878 3812 est
893 3732 1046 3813 licentia.
1095 3739 1207 3836 Apud
1222 3759 1284 3816 nos
1309 3759 1396 3812 veto

386 3867 426 3942 dt
439 3843 732 3942 Lacedaemoniis
749 3865 842 3964 leget
865 3887 948 3939 eum
961 3883 1027 3936 nec
1045 3863 1250 3960 permittunt
1266 3859 1397 3959 nupti·

386 3992 474 4088 citer
494 4014 566 4068 nec
587 4009 728 4083 vetant,
759 3989 816 4064 sed
831 3989 1059 4066 cautionibus
1081 3985 1120 4063 dt
1144 4007 1237 4078 certa
1259 3988 1397 4074 ratione
1482 4043 1483 4060 t

385 4117 688 4214 circumscribunt..
718 4119 838 4218 Itaque
845 4119 980 4213 Amor,
1001 4115 1089 4194 fiet
1103 4113 1229 4208 mentiz
1243 4115 1399 4217 pulchri·

449 4275 453 4282 ·
1273 4237 1398 4316 tudine
1482 4235 1483 4238 ‘
