2904 5248
243 423 952 540 ΗιετμἈΜΑΤοιῑιΑν
1056 465 1126 548 ες»
1250 429 1254 438 ’

51 633 55 642 ’
102 625 285 696 tlenrnatus
322 633 416 702 turs,
440 608 479 688 ἃ
501 609 619 706 smne,
642 635 743 714 quam
779 619 916 720 optimo
936 614 1014 710 jure
1034 638 1107 694 ent.

103 742 212 822 tionis
223 738 435 840 possideret:
461 739 498 814 in
522 739 707 818 Sostratum
729 740 768 820 u
786 748 1001 826 xsacerdotem
1025 767 1109 836 con,-

102 866 284 960 ‚tum'eliose
305 865 435 960 invehi.
487 866 651 946 Sacerdos
681 889 807 949 contra
824 869 1028 968 accusatoris
1043 867 1111 944 cri·

101 997 197 1083 mina
232 995 390 1091 diluere,
429 1019 602 1094 eumque,
634 999 677 1078 ad
709 997 838 1080 comici
869 996 1111 1096 Aristophaoit
1150 979 1151 990 Ν

102 1124 355 1214 imitationem,
365 1123 491 1200 acriter
506 1125 599 1204 smol
607 1122 779 1204 &festive
795 1125 986 1223 exagitare.
1014 1126 1110 1203 Tum

103 1249 441 1338 Thersander‚artet
455 1278 573 1332 ornnes
585 1253 655 1330 suas
670 1254 793 1334 frustra
809 1251 1019 1342 consumma,
1036 1249 1110 1326 eri·

99 1385 245 1472 tumque
262 1377 387 1472 iudicii
408 1379 445 1456 in
469 1402 513 1455 eo
541 1381 686 1476 posrtunt
702 1385 774 1458 esse
795 1379 937 1470 vident,
963 1395 1000 1450 ut
1018 1377 1110 1448 Leu-

98 1497 206 1597 cippe
236 1497 399 1582 intratam
428 1507 464 1581 se
493 1504 686 1604 virginem,
733 1508 880 1587 Melitte
917 1525 1038 1605 puram
1068 1499 1112 1574 ab

101 1619 274 1698 adulterio
283 1637 464 1727 ,probaret
474 1636 655 1723 ,ambabus
671 1633 849 1732 religionis
866 1651 1033 1712 terrorem
1048 1630 1111 1702 ob-

97 1741 187 1841 iicit.
239 1749 322 1832 Erat
355 1759 449 1836 enim
480 1759 517 1834 in
541 1761 673 1856 templo
697 1761 832 1834 Dianae
857 1759 948 1834 sacra
973 1753 1110 1843 fistula,

80 1893 147 1965 „ex
180 1876 280 1972 cuius
306 1899 408 1982 tantu
433 1883 476 1958 de
501 1884 690 1980 puellarum
713 1883 917 1984 virginitate
935 1879 1111 1979 judicaba-

99 2019 160 2077 tur
181 2027 193 2076 r
217 2024 292 2080 erat
314 2003 400 2080 item
416 2009 530 2106 Stygii
545 2007 655 2084 fontis
668 1986 868 2097 lavacrum,
895 2029 964 2104 quo
979 2005 1110 2098 cogno·

94 2127 257 2222 fuebatur
272 2107 416 2207 uxorum
430 2129 518 2207 fider
538 2127 749 2229 castitasque.
775 2127 919 2226 Accipit
936 2127 1109 2204 conditio·

92 2273 178 2333 nem
213 2257 395 2354 Leucippe
424 2279 551 2358 magno
578 2281 657 2334 oum
685 2257 813 2357 gaudio
838 2281 848 2330 :
874 2277 942 2332 nec
963 2255 1116 2333 Melitte'

93 2402 174 2458 earu
202 2380 392 2471 tleltet'lat,
417 2385 509 2481 quod
534 2382 568 2460 ei
592 2383 852 2460 aThersandto
877 2383 948 2474 hag
961 2382 1107 2470 formula

89 2505 336 2598 offerebatur„
358 2507 537 2582 srabfente
550 2507 676 2582 marito
690 2525 764 2578 rem
779 2529 859 2582 cum
882 2505 1110 2604 Clitophonte
1143 2501 1147 2514 '

9 2685 10 2692 a
87 2629 368 2708 non-hahuiasot.
417 2631 465 2700 Et
485 2625 643 2698 mulieres
658 2626 796 2720 quidem
809 2633 858 2706 ita
875 2630 1108 2726 experimenti

9 2809 11 2858 Ξ
93 2756 307 2848 religionem
333 2751 529 2843 subierunt,
554 2767 592 2824 ut
619 2737 841 2828 innocentiae
863 2755 1108 2830 documentum
1217 2725 1221 2746 ⁵

89 2897 242 2976 utraque
258 2877 433 2954 aufferret.
467 2878 562 2952 Tum
578 2897 665 2952 veto
684 2855 917 2954 uniuersorum
936 2877 1107 2955 conviciis
1236 2969 1240 2978 .
1344 2877 1347 2884 '

89 3003 259 3077 laceratur
267 3001 509 3092 Thersander,
525 2993 579 3075 &'
593 3002 631 3074 ni
645 2999 764 3098 fugam
781 3004 945 3101 cepisset,
964 3003 1013 3076 nil
1031 3025 1104 3078 erat

86 3134 254 3232 propios,
279 3155 382 3232 quatu
403 3148 440 3212 ut
477 3127 644 3226 lapidibus
670 3131 886 3206 obrueretur.
935 3129 1103 3206 Sostratus
1201 3177 1207 3184 -

89 3265 295 3359 Leucippen
311 3262 424 3334 denuo
441 3256 657 3356 Clitophonti
673 3255 1012 3354 despondetzabeunt
1033 3258 1101 3352 By·

84 3389 268 3478 nantium,
284 3385 324 3462 δι
345 3383 428 3460 inde
446 3383 589 3480 Tyrum.
616 3386 669 3460 lbi
679 3385 878 3484 Calligonen
899 3381 1003 3458 etiam
1019 3405 1101 3470 cum

85 3512 299 3590 callisthene
312 3507 514 3588 inveniunt.
564 3513 639 3590 Hic
653 3535 765 3604 eam‚·
777 3531 957 3612 postquam
970 3508 1100 3606 rapuit·

83 3638 165 3732 let,
189 3639 331 3716 honeste
354 3637 545 3728 habuerat,
570 3653 639 3728 ac,
665 3655 795 3716 mutata
819 3637 915 3714 vitae
937 3640 1096 3728 ratione,

83 3769 135 3844 nd
168 3769 306 3870 frugem
334 3769 501 3857 redierat,
526 3763 586 3857 ἃ,
614 3763 651 3842 io
679 3766 769 3844 bello
794 3781 915 3844 contra
941 3764 1122 3838 Thraces·
1262 3757 1264 3762 ’
1401 3861 1406 3873 ¹

83 3892 225 3970 -additus
246 3895 399 3972 Sostrato
422 3895 577 3993 collega,
601 3893 774 3992 egregiam
798 3892 927 3990 patriae
944 3908 1093 3964 navave·
1180 3901 1182 3908 '

82 4035 143 4096 »rat
172 4012 344 4121 operam
366 4045 479 4123 neque
498 4041 613 4104 umen
634 4021 707 4120 ipse
723 4021 837 4103 alltc
857 4017 991 4123 puellae
1022 4035 1091 4110 mn·

186 4215 191 4222 .
226 4154 231 4166 '
324 4157 332 4209 l
575 4147 662 4240 D4
969 4141 1091 4236 trimo·⁴
