2964 5252
358 487 413 600 ἑο·
496 453 1252 570 uuatrtnrs'rnnooautnn

353 691 446 761 tam,
471 667 618 765 ingenue
641 663 744 737 moti:
771 659 862 758 regia
885 654 1110 730 cum'suen'm
1134 657 1171 732 in
1191 657 1306 736 terris
1323 663 1392 740 vit·⁸

319 825 323 834 ·
353 815 420 897 go,
444 793 537 870 serva
552 791 594 865 ad
611 789 736 864 inferos
751 785 869 862 venire
886 785 998 860 nolim.
1048 781 1231 858 Adfremit
1247 792 1381 864 exerci-

355 940 413 998 tus
429 938 542 1011 totus,
563 916 602 993 dt
615 916 757 1013 imperat
767 912 950 1012 juvenibus
964 915 1204 1010 Agamemnon
1214 967 1228 1004 ,
1257 932 1299 987 ut
1312 939 1378 989 ma·

358 1069 424 1122 nus
446 1043 489 1118 ab
509 1065 549 1117 ea
565 1035 772 1116 contineant.
797 1036 856 1115 llla
873 1057 1005 1114 vestem
1020 1039 1167 1136 rumpit,
1193 1041 1256 1130 oc,
1273 1041 1379 1116 denu-

358 1170 441 1246 dato
465 1170 557 1260 smu,
581 1166 728 1265 pectoris
749 1164 1060 1264 pulchritudinem,
1093 1165 1203 1240 veluti
1227 1165 1372 1258 statuae,

361 1293 676 1394 aperit;.flexisque
701 1289 744 1364 ad
767 1310 889 1364 terram
913 1293 1088 1388 genubus,
1121 1292 1164 1367 ad
1189 1293 1367 1392 Pyrrhum,

360 1419 433 1510 En,
449 1418 578 1516 inquit,
588 1416 724 1514 juvenis
733 1471 745 1510 ‚
759 1416 824 1490 feri
836 1417 892 1490 vel
900 1416 1079 1516 -jugulum,
1095 1419 1150 1492 vel
1164 1419 1302 1516 pallus:
1319 1419 1372 1492 ille

361 1541 649 1621 commiseratione
673 1543 800 1640 puellae
823 1541 966 1639 primum
983 1547 1097 1621 animo
1109 1545 1266 1638 lunum,
1294 1567 1366 1620 tutu

361 1671 495 1770 spiritus
521 1669 587 1744 iter
614 1667 705 1742 ferro
726 1668 827 1744 secat.
877 1671 967 1745 Fluit
991 1671 1157 1772 sanguinis
1176 1672 1286 1746 rivus:
1319 1673 1367 1748 ita

357 1797 428 1896 jam
449 1794 673 1895 procumbens
695 1812 809 1868 vestes
832 1795 987 1881 adducit,
1013 1815 1054 1870 ut
1078 1797 1204 1871 decore
1225 1795 1367 1870 caderet.

363 1925 461 1998 Tum
486 1919 609 1998 Graeci
631 1918 749 2016 singuli
771 1920 810 1996 da
832 1921 976 1996 universi
997 1919 1097 1996 filiam
1115 1921 1244 1996 laudare
1257 1940 1361 2011 tuam,

361 2047 417 2123 alii
438 2047 612 2122 frondibus
634 2045 845 2122 conlbemere
857 2049 1046 2146 jacentem,
1070 2047 1123 2122 alii
1139 2071 1254 2147 rogum
1269 2046 1364 2122 strue·

364 2189 420 2264 re,
449 2171 503 2243 alii
518 2172 643 2246 otiosos
659 2176 850 2272 increpare:
867 2194 947 2272 age,
969 2173 1049 2270 quid
1063 2173 1145 2266 llas,
1162 2175 1296 2272 ignave,
1309 2193 1365 2247 ue·

365 2321 433 2398 que
447 2321 542 2374 ornas
560 2294 770 2374 fortissimam
783 2300 985 2397 puellarum:
1010 2317 1111 2399 atque
1127 2299 1211 2376 haec
1223 2321 1284 2373 una
1297 2314 1364 2370 erat

368 2422 408 2500 tlt
433 2421 644 2497 consentiens
669 2425 775 2500 totius
796 2426 966 2501 exercitus
988 2449 1086 2517 voa,
1117 2445 1154 2497 te
1176 2422 1363 2500 fonissrmae

365 2549 469 2650 prolis
492 2545 747 2624 infelicissunarn
770 2551 840 2624 esse
866 2573 1017 2627 matrem.
1043 2607 1067 2644 ,‚
1088 2553 1184 2624 llaec
1203 2551 1266 2624 laus
1287 2547 1357 2660 vim

368 2672 511 2768 aliquam
533 2672 636 2746 habet
656 2675 699 2749 ad
722 2678 890 2752 Hecubae
911 2677 1077 2767 animum3
1103 2697 1209 2775 neque
1225 2675 1307 2750 enim
1317 2673 1359 2744 la·

366 2800 534 2876 mentatio
565 2797 605 2876 dt
637 2799 778 2896 ejulatus
806 2803 1079 2901 consequuntur,
1113 2801 1170 2876 sed
1200 2795 1363 2900 praesentis

248 2993 254 3006 .
369 2927 475 3003 status
491 2926 766 3023 contemplatio.”
805 2932 988 3038 Quamvis,
1009 2930 1135 3027 inquit,
1161 2929 1363 3021 multismag·

369 3053 491 3150 nisque
513 3049 717 3128 circumdata
740 3053 811 3131 stun
831 3058 943 3147 malis,
967 3075 1006 3130 ut
1028 3055 1193 3154 cogitatio
1207 3057 1248 3130 ab
1260 3053 1314 3126 alia
1326 3048 1362 3124 ad

368 3182 467 3260 aliam
488 3180 688 3254 distrahatur
709 3182 950 3272 calamitatem,
974 3201 1086 3260 tamen
1108 3175 1298 3277 primum&
1310 3198 1366 3270 po·

362 3307 533 3382 wtisfimum
565 3325 715 3382 mentem
740 3326 836 3382 tenet
863 3331 972 3384 meam
995 3308 1123 3384 funeris
1149 3309 1221 3401 tui,
1259 3297 1370 3378 charis·

374 3433 454 3512 lima
481 3431 669 3532 Polyxena,
692 3431 872 3509 acerbitas:
902 3455 938 3510 at
964 3437 1127 3514 minuitur
1150 3435 1288 3522 eadem,
1303 3447 1368 3502 tum

374 3557 520 3658 cogito,
572 3575 609 3628 te
642 3555 726 3632 forti
759 3559 989 3661 generosoque
1028 3567 1141 3640 anitno
1177 3553 1370 3637 occubuisse·
1439 3629 1440 3637 ,

374 3689 549 3792 Quantam
571 3683 673 3760 habet
685 3685 757 3763 vitn
775 3689 863 3774 bona
875 3689 999 3764 mentis
1014 3689 1168 3766 indoles?
1190 3689 1373 3764 haecnum·

376 3836 477 3916 quam
498 3829 648 3887 mutatur
668 3813 703 3889 in
722 3815 829 3913 pejus.
880 3818 976 3915 Ager
992 3817 1106 3894 sterilis
1122 3820 1257 3894 cultura
1270 3813 1308 3886 fit
1322 3811 1373 3882 bu

375 3953 469 4034 bus,
500 3941 607 4016 bonus
632 3955 749 4015 contra
772 3943 929 4041 negledlu
953 3943 993 4020 fit
1014 3943 1139 4020 sterilis.
1193 3939 1373 4019 Hominum

375 4063 507 4150 diversa
529 4083 580 4145 est
604 4083 743 4166 ttauuar
765 4091 832 4158 nec
854 4067 1079 4180 beuipejotes
1092 4071 1200 4168 fiunt,
1226 4059 1374 4154 neemali

375 4221 379 4234 .
1157 4192 1161 4210 ¹
1309 4207 1377 4271 me,
