2970 5258
152 469 165 500 s
219 436 617 540 ¹Rnnnrrouus
650 408 998 546 ιιιιιοιιι.
1067 467 1181 572 1051

132 649 183 728 ιιι
220 661 375 721 veterum
418 631 605 712 lectionem
644 639 819 717 attulisset.
839 641 929 722 haud
968 653 1147 752 vulgarem

135 771 318 854 scientiam
343 765 496 840 Graecae
520 763 685 863 linguae,
723 769 818 866 cujus
845 772 881 848 in
904 775 971 854 hac
994 780 1146 879 disputa-t

133 899 238 975 ιιιιιι
268 895 358 969 sunt
366 891 571 990 specimina,
603 917 683 972 cum
705 895 743 972 in
767 895 1032 992 interpretandis
1054 907 1145 986 ciffi·

135 1023 315 1126 cilioribus
334 1021 443 1112 locis,
468 1038 543 1096 tum
564 1021 784 1106 emendandis
799 1049 1052 1130 nonnumquam
1069 1059 1146 1112 cor
1172 1107 1181 1114 ,

133 1153 278 1250 ruptis,
290 1121 619 1247 indeffigsndaque
653 1148 820 1250 sagaciter
857 1177 939 1258 uera
978 1157 1142 1250 lectione.

134 1279 302 1384 Denique
322 1277 430 1376 ipsius
438 1277 580 1354 rationis
597 1275 778 1377 diligentia
797 1297 849 1356 est
865 1253 1028 1360 laudanda
1036 1309 1145 1384 ,quae

134 1409 296 1484 cernitur
312 1403 355 1478 in
371 1401 554 1480 severitate
577 1404 744 1499 rudioris,
758 1403 817 1506 qui
831 1429 1015 1508 numquam
1037 1433 1057 1484 ι
1083 1414 1143 1496 via

85 1549 94 1564 ·’
136 1531 312 1623 deflexit,
338 1553 522 1629 numquam
553 1531 691 1609 aliunde
729 1532 940 1612 lenocinium
967 1540 1143 1636 captarit3

137 1661 292 1734 cernitur
317 1656 423 1730 etiam
444 1656 481 1731 in
504 1657 722 1736 acumine&
745 1657 893 1756 ordine,
925 1665 1064 1763 quibus
1070 1691 1142 1744 ma·

131 1785 262 1862 teriam
282 1801 354 1858 tam
375 1781 604 1880 multiplicem
632 1808 674 1860 ac
700 1785 827 1863 variam
855 1788 893 1864 dt
918 1813 938 1866 a
957 1791 1072 1868 multis
1092 1817 1144 1870 te·

96 1984 100 1998 ,
132 1933 234 1989 mere
271 1912 443 1992 turbatam
476 1931 518 1983 ac
544 1909 748 2008 confusam,
778 1931 860 2010 apte
895 1913 1071 2016 descripsit
1104 1921 1145 2000 dt
1180 1988 1184 1998 ,

138 2039 178 2115 ιι
201 2037 276 2113 suos
299 2039 396 2112 locos
413 2034 562 2134 digessit
612 2039 697 2114 Hoc
713 2057 952 2137 argumentum
974 2045 999 2118 ss
1020 2046 1143 2124 histrio

134 2150 275 2266 quidam
306 2165 474 2240 literatius
504 2161 744 2261 explicandum
768 2163 992 2258 suscepisset·
1018 2187 1056 2244 ut
1081 2195 1146 2268 per
1212 2262 1215 2274 p

130 2291 269 2368 indices
299 2287 530 2390 trepidasset?
555 2307 592 2362 ut
615 2287 824 2366 versionibus
844 2290 1036 2388 deceptus,
1054 2300 1145 2376 ridi·

134 2422 213 2495 ¹cula
241 2402 341 2494 nobis
370 2433 565 2492 commenta
605 2415 816 2490 obtulisset?
851 2433 890 2487 ut
922 2415 1071 2516 denique
1095 2423 1145 2500 nil

131 2543 207 2619 sani
229 2543 428 2630 adtulisset,
461 2541 520 2612 sed
543 2563 588 2610 ex
614 2516 714 2612 iebn
736 2537 1000 2640 nominibusque
1024 2545 1145 2620 Vene-

132 2669 182 2744 ris
205 2668 288 2740 sales
311 2661 582 2758 festivitatesque
605 2661 786 2758 petiisset,
818 2665 936 2762 quibus
953 2668 1143 2765 legentium

133 2793 268 2870 animos
282 2785 465 2863 deleiiaret
477 2839 489 2877 ,
502 2783 540 2860 du
557 2785 647 2862 suam
662 2788 977 2889 insefignorantiam
994 2812 1142 2894 tegeret.

137 2916 247 3016 Atqui
283 2915 372 2990 haec
402 2913 589 3011 disputatio
618 2913 815 2996 suavitatem
849 2919 972 3014 habet,
1003 2924 1043 3000 dt
1065 2949 1139 3002 ma·

131 3069 240 3149 gnam
264 3041 424 3140 quidem,
450 3059 561 3136 neque
583 3061 669 3116 vero
691 3043 826 3120 aliunde
848 3051 1059 3146 quaesitam,
1081 3051 1140 3130 sed

133 3179 256 3276 sponte
279 3187 393 3246 natam
409 3221 420 3259 ,
438 3190 517 3242 cum
537 3188 580 3240 ex
602 3166 702 3266 ipsius
717 3175 911 3270 argumenti
922 3175 1140 3273 jucunditate

130 3325 174 3378 ac
185 3299 371 3386 varietate,
383 3313 458 3370 tum
473 3316 517 3368 en
529 3292 704 3373 doctrinae
718 3296 851 3372 ratione
868 3322 909 3374 ac
923 3301 1137 3397 praestantia.

90 3425 94 3436 '
133 3433 318 3516 Ceterum,
334 3441 458 3524 quanta
476 3423 517 3498 fit
535 3419 702 3512 materia,
728 3423 1051 3528 intelligitur,quod
1071 3459 1135 3512 no·
1214 3405 1220 3416 ³

128 3557 243 3646 mina,
275 3574 433 3639 munera,
466 3547 688 3647 honoresque
710 3551 861 3628 Veneris
891 3579 1040 3651 omnes,
1074 3564 1133 3661 qui

133 3685 166 3758 oi
188 3677 309 3758 tributi
336 3677 412 3753 sunt
435 3699 454 3753 a
474 3677 617 3751 Graecis
639 3673 677 3750 tic
701 3677 887 3774 Romanis,
918 3681 975 3774 du,
1005 3687 1064 3800 qui
1087 3691 1132 3764 ab

128 3812 175 3887 iis
198 3804 330 3906 cogniti
351 3805 453 3895 sunt,
487 3803 588 3880 Assae
602 3799 824 3904 Africaeque
847 3809 1025 3905 populis,
1035 3838 1131 3890 com·
1222 3795 1227 3802 ¹

130 3937 302 4038 pleilitur.
361 3934 487 4032 Igitur
508 3929 648 4006 nomina
679 3930 816 4029 quidem
846 3931 1128 4032 &cognomina
1218 4044 1222 4053 ¹

129 4064 227 4144 Deae
257 4059 476 4143 recensentur
498 4059 646 4138 ducenta
673 4057 894 4161 quadraginta
914 4061 1014 4143 octo:
1040 4084 1128 4146 tems

505 4248 509 4258 .
617 4183 700 4290 (ιι
1072 4197 1131 4296 pla
