2964 5252
948 291 957 357 i

203 431 621 560 ,nrnnrtonus
652 434 994 522 unuuronns.
1064 451 1136 536 κῃ

123 619 322 712 Conradiue
345 639 423 697 eum
445 614 483 690 δι
502 601 668 712 pnetieen
694 613 1002 714 attigisse-eredit,
1033 646 1141 716 quam·

127 763 208 847 uir,
234 744 373 847 inquit,
397 741 620 844 stsprcimiua
643 755 794 844 quartur}
820 747 907 826 uuila
920 745 997 844 fere
1014 749 1047 822 in
1073 754 1143 846 cjnt

129 889 224 967 libris
254 877 459 976 reperiantur.
514 871 577 948 Est
599 869 670 944 hoc
702 870 739 950 in
774 892 871 954 more
893 869 1040 968 pofitum
1072 877 1143 966 iis,

131 1012 198 1116 qui
220 1001 370 1084 devita
392 997 511 1100 magui
537 995 679 1094 alicujus
701 994 855 1080 uenirir
874 1013 1075 1096 exponunt,
1109 1025 1148 1082 ut

130 1135 277 1217 fiammis
309 1130 354 1206 ad
386 1129 520 1207 coelum
546 1124 700 1208 tauhun
730 1146 808 1203 etam
831 1121 1008 1218 effuant,
1047 1147 1149 1226 atque

67 1345 76 1364 ,
137 1265 233 1338 nulla
257 1260 294 1336 in
324 1282 363 1332 re
403 1275 505 1356 atque
534 1252 677 1334 scientia
701 1251 871 1332 tituuan
907 1249 947 1328 ἃ
966 1251 1151 1352 hospitem

135 1389 245 1469 fuisse
266 1387 487 1464 contendant
538 1381 599 1460 Sic
622 1381 660 1456 in
685 1377 799 1460 veteri
819 1377 966 1476 quadam
994 1378 1152 1458 editione

139 1510 325 1603 Terentii,
345 1535 447 1612 quant
462 1506 599 1604 Lipstae
613 1499 746 1582 duubua
764 1501 891 1582 abhinc
905 1505 1026 1584 secutis
1040 1511 1154 1608 Wag·
1300 1531 1303 1542 ·

140 1661 245 1716 ruerus
269 1636 407 1732 quidam
430 1637 467 1716 in
492 1634 607 1710 lucem
623 1631 788 1730 protulit,
813 1633 1000 1710 Terentius
1018 1635 1058 1712 in
1080 1659 1158 1710 orn·

142 1765 241 1844 nium
272 1759 417 1854 uniniuo
433 1759 670 1836 -scientiarum
692 1779 820 1856 genere
844 1764 1023 1851 versatur,
1055 1777 1159 1858 atque

146 1889 232 1968 artis
256 1884 361 1967 etiarn
387 1883 608 1962 obstetricine
632 1885 764 1984 periure
785 1886 890 1964 fuisse
906 1887 1054 1980 dicitur,
1078 1887 1157 1988 quia¹

146 2018 186 2097 in
209 2019 330 2099 Andria
353 2015 425 2088 Aet.
449 2012 513 2086 ΠΙ.
539 2014 632 2088 Sem
657 2014 704 2092 Π.
730 2037 763 2092 u.
787 2039 821 2111 3.
838 2015 907 2114 seq.
934 2014 1095 2092 Lesbiam
1109 2013 1160 2092 ita

153 2143 289 2222 inducit
313 2143 537 2238 loquentem:

248 2366 389 2395 --
416 2363 554 2390 -··
575 2350 646 2439 post
673 2335 783 2412 deinde

150 2445 154 2456 ¹
249 2467 345 2569 Quod
355 2461 440 2561 jusst
456 2466 486 2536 ei
501 2463 574 2535 datr
588 2463 710 2548 bibere,
737 2444 943 2566 &quantum
959 2458 1133 2562 imperavi,

244 2595 331 2667 Date
356 2610 496 2638 ······

150 2788 280 2885 Neque
303 2781 405 2876 ideo,
420 2743 514 2880 qhod
532 2780 582 2902 91.
601 2782 789 2860 Conradiut
804 2783 879 2882 ipse
895 2783 1039 2860 fortasse
1055 2805 1160 2882 poeta

154 2937 226 3007 est,
244 2908 409 3020 Scaevula
435 2929 572 3006 qnoque
590 2908 627 2983 in
643 2929 889 3006 poetarum·ert
904 2915 1081 2988 numerum
1106 2937 1160 2987 re.

153 3041 334 3127 ferendus,
347 3061 439 3119 ,curn
455 3035 547 3109 nulla
569 3035 606 3110 in
629 3035 767 3134 scriptis
785 3041 859 3136 ejur
876 3037 1010 3137 ingenii
1026 3043 1161 3136 poetici
1317 3073 1319 3082 ι

155 3173 235 3248 vola
256 3165 296 3242 ἃ
318 3161 502 3261 vestigium
522 3162 708 3261 adpareat,
743 3162 833 3260 quod
858 3162 932 3262 ipse
957 3167 1008 3241 ct.
1031 3170 1159 3244 Conrai

157 3297 231 3374 dius
254 3291 394 3366 fatetur.
454 3291 517 3364 ‘De
552 3289 741 3380 Scaevolae
778 3287 890 3370 studio
921 3295 1161 3394 philosophiae

159 3420 273 3516 ugitur
296 3415 327 3514 §.
346 3439 381 3510 4.
408 3417 455 3491 Et
474 3414 575 3490 nubis
598 3414 737 3512 quidem
766 3416 817 3492 ct.
844 3417 1032 3496 Conradius
1048 3445 1082 3520 p.
1099 3432 1158 3517 ⁶5³

161 3548 252 3645 seqq.
289 3544 423 3642 optime
461 3541 705 3618 demonstrasse
749 3543 914 3638 uidetur,
955 3549 1161 3628 Scaevolam
1243 3605 1267 3632 -.

160 3699 229 3752 nun
261 3691 332 3748 tarn
369 3669 574 3750 Stoicorum.
606 3673 802 3770 praeceptis
847 3672 949 3746 unice
988 3673 1159 3752 addietum

159 3801 286 3896 fuisse,
311 3797 369 3874 sed
394 3799 508 3898 potius
529 3797 567 3873 in
586 3797 710 3878 nullius
730 3795 884 3898 magistri
905 3799 1009 3874 verba
1020 3799 1159 3896 jurasse

157 3927 340 4007 Scaevolae
368 3903 633 4026 jurisprudentia
669 3921 701 4022 i.
721 3943 757 4016 5.
791 3924 1001 4023 exponitur,
1034 3947 1099 4022 qua
1124 3927 1160 4016 in

649 4052 714 4143 14
848 4097 853 4112 ·
912 4047 915 4062 '
1124 4075 1162 4126 re
