2904 5248
204 543 374 622 BENTL.
401 540 514 618 DISS.
546 543 624 620 ED.
651 540 681 616 Ι.
707 531 753 622 D'.
780 539 1020 620 LENNEPII.
1075 569 1122 642 ῃ

108 723 308 823 ,diligenter
324 716 451 815 ubique
466 717 599 809 attulit;
628 723 718 802 unde
736 738 899 820 apparet,
924 719 1127 819 scriptorem

121 849 338 948 epistolarum
352 843 484 944 saepius
498 845 674 941 insitarum
691 848 764 922 esse
780 847 933 922 auctores
941 901 955 940 ,
979 848 1037 945 qui
1052 867 1130 946 post

119 971 335 1054 Phalaridenr
354 971 554 1056 floruerunt.
597 957 736 1052 Deinde
750 975 850 1050 multi
868 975 1050 1050 multorum
1068 998 1131 1050 ve·

120 1117 235 1174 terum
251 1099 426 1176 antrorum
440 1098 512 1174 loci
532 1102 739 1181 illustrantur
759 1121 861 1198 atque
882 1101 1127 1178 emendantur:

118 1249 267 1326 quorum
288 1228 394 1310 index
417 1224 568 1320 adjeclus
589 1246 639 1302 est
656 1228 698 1302 ad
715 1230 844 1302 calcem
864 1229 968 1325 primi
981 1223 1128 1302 volumi-

120 1353 197 1444 nis,
217 1377 343 1452 *neque
368 1352 417 1444 iu,
451 1370 489 1428 ut
511 1354 719 1452 quorundam
741 1373 793 1427 est
819 1351 1060 1443 consuetudo,
1086 1350 1128 1426 ad

117 1481 388 1558 ostentationem
406 1482 637 1578 composrtus,
662 1499 718 1576 pt,
730 1499 810 1556 cum
827 1484 942 1554 locurn
958 1475 1129 1574 fignifica-

119 1625 196 1684 tunr
209 1604 387 1704 inspicias,
405 1604 453 1680 nil
472 1605 533 1682 nili
550 1604 659 1708 nugas'
668 1609 843 1706 reperias:
863 1601 1009 1694 contra,
1035 1603 1127 1700 apud

120 1734 339 1830 Lennepinm
369 1731 502 1828 semper
523 1734 674 1830 reperias
695 1736 753 1808 vel
780 1730 1031 1812 emendationis
1046 1752 1129 1802 acu·

118 1879 235 1948 men,
261 1859 318 1934 vel
345 1855 586 1955 explicationis
604 1859 753 1951 lumen,
778 1860 837 1936 vel
858 1876 953 1934 certe
978 1855 1129 1932 animad-

120 1982 287 2059 versronis
303 1983 502 2058 utilitatem.
832 1957 838 1968 ’
1109 2079 1113 2088 Ι

107 2153 111 2164 ·
163 2109 254 2188 Nou
278 2109 471 2187 dubitamus
490 2109 588 2206 sore,
616 2101 674 2212 qui
696 2114 868 2210 Lennepii
884 2133 983 2188 notas
996 2113 1124 2188 nimiae
1205 2150 1212 2178 r

114 2237 328 2338 prolixitatis
361 2253 464 2334 atque
505 2237 630 2343 copiae
659 2236 829 2316 accusent.
882 2238 951 2314 Sed
981 2237 1020 2310 hi
1048 2234 1125 2308 scre

5 2411 9 2424 ·
114 2382 217 2440 erunt
245 2363 293 2456 ii,
318 2361 377 2462 qui
403 2362 473 2438 hoc
495 2362 656 2455 nomine,
690 2365 726 2440 in
763 2361 883 2461 primis
916 2365 1125 2438 Batavorum

113 2488 287 2566 editiones
302 2490 574 2589 reprehendere,
601 2491 639 2564 dc
655 2514 757 2585 quam
774 2487 908 2560 laudern
920 2483 983 2580 ipsr
999 2483 1128 2580 assequi
1244 2513 1248 2522 ·

112 2640 185 2694 non
209 2617 369 2713 possunt,
394 2638 471 2690 earn
488 2617 562 2688 aliis
579 2614 735 2686 invidere
748 2610 866 2684 solent.
917 2611 1043 2704 Neque
1060 2631 1124 2682 nos

109 2741 268 2818 absolute
284 2763 401 2814 omnes
418 2744 536 2835 longas
555 2753 653 2812 notas
670 2737 859 2826 laudamus;
885 2731 942 2807 sed
957 2755 1031 2822 cas,
1046 2752 1127 2828 quas

7 2865 46 2886 '⁴⁵
113 2863 252 2963 ingenii
274 2883 374 2974 atque
402 2861 577 2936 dotlrinae
599 2858 805 2938 abundantia
832 2861 1007 2960 longiores
1027 2858 1124 2940 sece-

85 3034 89 3045 ·
110 2995 160 3067 rit
185 3015 195 3065 :
221 2991 332 3088 quales
348 2989 424 3064 sunt
441 2988 622 3086 Lennepii.
671 2986 721 3058 At
737 2985 773 3060 in
792 2986 970 3062 Phalaride
986 2987 1125 3082 effudit,

109 3143 218 3220 quae,
241 3115 296 3190 vel
329 3113 375 3191 ad
410 3113 494 3188 alios
532 3115 638 3190 etiam
677 3113 861 3211 scriptores
892 3115 1006 3190 notari
1041 3093 1122 3212 poe·

106 3249 215 3335 sent,
246 3241 303 3316 vel
330 3239 371 3314 ad
401 3242 532 3318 Lexica
556 3240 765 3339 potissimum
793 3242 915 3317 referri
943 3241 1122 3316 deberent.

109 3375 197 3454 Hoc
218 3366 379 3442 nimirum
396 3365 477 3440 illud
492 3369 565 3456 est‚'
590 3367 775 3465 quodcum
792 3366 911 3440 dicunt
926 3365 1006 3460 isti,
1031 3367 1119 3442 rnul-

109 3519 186 3576 tum
203 3491 265 3570 fibi
281 3489 398 3568 dicere
416 3489 587 3570 videntur.
639 3495 747 3592 Atqui
766 3491 814 3566 nil
833 3511 884 3566 est
902 3491 938 3566 in
947 3491 1119 3592 Lennepii

107 3617 483 3714 animadversrouibus',
509 3615 591 3716 quin
621 3617 866 3716 aliquomodo
898 3618 1118 3718 conjundlunr

107 3751 151 3830 srt
186 3773 264 3826 cum
286 3745 485 3858 scriptoris,
513 3765 614 3843 quern
637 3744 907 3841 interpretatur,
937 3749 1043 3838 loc0‚·
1069 3746 1117 3820 nil

109 3880 229 3956 tritum
245 3875 283 3948 or
302 3869 560 3969 pervulgatum,
587 3873 701 3948 omnia
717 3873 857 3971 egregia
874 3892 975 3973 atque
996 3870 1116 3972 exqui-

108 4003 179 4086 srta.
203 4063 205 4068 -
229 3997 389 4094 Deinde,
412 4023 498 4100 quae
521 4019 573 4078 est
597 4001 653 4076 illa
677 3999 888 4096 humanitas,
916 4023 974 4079 eos
996 4020 1114 4098 repre·

621 4127 697 4222 Es
1028 4123 1113 4216 nen
