2964 5252
7 375 67 475 lna

7 575 28 642 {J
47 581 60 654 '3

37 728 42 734 ,
89 731 92 738 .
124 645 195 720 -nll
209 643 345 742 propius
362 641 510 742 cogitat,
534 662 635 736 quam
650 637 740 738 quod
756 655 957 737 optaverat;
978 635 1157 714 confestim

205 444 208 453 ’
250 439 253 456 ’
306 461 1013 594 ananiusuosonnvin
1109 481 1162 560 ro

7 759 57 860 ζ
147 767 252 864 humo
274 770 308 844 se
332 769 437 861 tollit,
456 768 494 844 ἃ
517 793 581 858 „⁰
604 761 885 862 ertpenatissme
907 765 1076 854 ‘dmum’
1107 764 1167 868 in·
1239 753 1246 766 '

7 875 41 902 *-
148 899 250 990 quib
281 917 323 969 a„
351 919 407 968 me
430 890 565 988 quoque
590 890 712 966 Graeci
735 889 891 966 occidere
914 891 1059 982 volunt,
1092 913 1157 990 ³80

147 1043 386 1118 properemus,
419 1021 668 1110 acceleremus,
702 1017 770 1092 duc
795 1041 851 1090 me
874 1017 1018 1093 sehex”.
1066 1017 1156 1110 Sed,

147 1146 287 1242 cognito
305 1149 375 1246 ejus
389 1147 555 1220 adventus
572 1143 725 1234 consilio,
742 1167 761 1217 a
777 1165 895 1240 magna
910 1143 1067 1241 dejicitur
1081 1143 1158 1241 spe,
1268 1239 1271 1246 Ι

145 1287 249 1366 atque
272 1265 489 1362 lamentatur,
522 1269 659 1346 tandem
680 1273 722 1342 ab
745 1292 788 1342 eo
810 1268 917 1365 petit,
950 1289 989 1342 ut
1013 1270 1046 1356 ei
1069 1269 1158 1342 filiae
1194 1331 1197 1334 .
1294 1276 1302 1287 ·

142 1413 289 1470 mortem
308 1417 468 1493 exponat.
508 1399 592 1472 Hoc
611 1415 664 1468 est
677 1412 909 1492 argumentum
924 1393 1022 1492 hujus
1038 1393 1156 1483 ablus3

7 1551 25 1600 μ
144 1543 222 1594 narn
247 1523 448 1618 Talthybius
467 1544 535 1598 tam
552 1542 709 1602 accurate
725 1541 835 1598 narrat
850 1521 888 1598 δι
903 1521 947 1596 ad
962 1523 1081 1596 vivum
1095 1519 1156 1594 de·

141 1641 253 1740 pingit
274 1646 466 1742 Polyxenae
484 1651 635 1741 obitum,
660 1667 700 1722 ut
713 1671 791 1722 eum
810 1648 883 1722 fere
900 1646 1004 1722 oculis
1019 1645 1158 1723 audien·

18 1859 22 1864 Δ
144 1767 231 1842 tium
256 1769 614 1872 subjicerefvideaturr
645 1831 670 1866 „
693 1774 847 1864 Faciam,
872 1771 1002 1868 inquit,
1027 1797 1054 1846 o
1078 1773 1155 1846 He·

141 1896 246 1971 cuba:
270 1883 469 1995 quamqudm
489 1921 618 1974 novum
643 1899 725 1974 mihi
751 1899 877 1976 lullum
903 1921 1014 1988 meas,
1042 1899 1158 1994 jubes.

142 2042 210 2114 que
241 2021 454 2119 lachrymas,
487 2053 567 2125 quas
597 2027 640 2102 ad
665 2025 858 2122 adspectum
889 2025 959 2120 ejus
986 2025 1077 2098 casus
1098 2021 1154 2122 fu·

13 2235 17 2240 .
140 2142 196 2230 di,
222 2149 409 2222 narratione
427 2151 614 2228 inl-laurate.
664 2153 777 2224 Totus
796 2171 868 2222 erat
885 2147 1054 2221 exercitus
1070 2167 1155 2238 con·

10 2370 16 2380 Ι
138 2291 315 2368 gregatus:
340 2276 502 2372 Pyrrhus,
529 2275 668 2350 Achillis
693 2273 801 2364 lilius,
826 2273 1032 2368 Polyxenam
1052 2291 1154 2342 manu

136 2395 335 2490 prehendit,
371 2397 409 2472 dt
429 2401 558 2476 sunnmo
584 2400 717 2472 tumulo
739 2393 932 2466 constituit:
966 2415 1039 2496 ego
1057 2394 1151 2464 ledii·

137 2539 203 2612 que
222 2519 367 2614 juvenes
390 2545 497 2615 prope
520 2541 594 2590 eam
617 2513 786 2604 stetimus,
811 2533 872 2604 ut,
897 2514 922 2588 sr
945 2513 1080 2586 necesse
1097 2513 1150 2588 fo·

7 2653 16 2686 2·
136 2627 210 2726 ret,
243 2638 315 2732 ejus
342 2639 512 2742 plancium
534 2658 733 2732 motumque
758 2639 999 2714 cohiberemus.
1048 2639 1152 2710 Porro

7 2777 13 2820 ’-
138 2759 303 2834 silentium
329 2761 398 2837 feci
421 2762 607 2837 exercitui:
635 2762 780 2860 Pyrrhus
802 2785 900 2836 aurea
921 2784 1038 2861 patera
1062 2761 1149 2834 infe·

7 2941 14 2946 .
138 2886 200 2958 rias
222 2885 312 2960 fudit
333 2888 368 2961 in
384 2889 522 2970 Achillis
542 2889 728 2980 tumultun,
754 2891 857 2977 Huc,
880 2889 1007 2985 inquit,
1031 2888 1149 2962 adeso

7 3023 14 3058 ²
135 3033 257 3108 pater,
297 3013 463 3109 propitius
495 3013 611 3109 accipe
637 3012 720 3088 haec
742 3013 921 3105 libamina,
959 3013 997 3088 da
1022 3036 1150 3110 purpu-

135 3157 230 3208 reum
247 3157 485 3234 recentemque
504 3138 641 3238 virginis
659 3139 849 3236 sanguinem
866 3141 953 3230 bibe,
968 3160 1068 3236 quem
1084 3136 1148 3212 tib¹

136 3262 273 3353 damus3
306 3263 468 3356 nobisque
490 3263 633 3338 vicissim
659 3263 839 3340 secundum
866 3285 1008 3340 ventum
1031 3269 1066 3339 in
1088 3288 1146 3362 pa·

7 3404 13 3446 ῖ
137 3390 235 3462 triam
260 3389 387 3486 largire.
442 3389 493 3460 lta
523 3385 629 3478 dixit,
647 3388 697 3466 ‘dt
719 3411 806 3464 nutu
830 3391 991 3490 significat
1007 3389 1147 3488 juveni<

137 3513 219 3603 bus,
249 3531 288 3584 ut
314 3513 517 3610 Polyxenam
543 3515 693 3588 manibus
718 3515 965 3613 prehenderent
988 3541 1028 3592 ac
1049 3535 1144 3592 tene·

9 3654 16 3700 :
137 3657 225 3714 rent.
284 3639 386 3744 Quod
419 3639 470 3712 illa
502 3641 770 3718 animadvertens
786 3699 798 3734 ,
831 3644 978 3734 Nolite,
1009 3642 1142 3742 inquit,

8 3783 16 3826 ¹:
137 3767 277 3856 Graeci,
302 3763 428 3865 patriae
449 3765 637 3864 perditores
656 3789 769 3860 meae,
789 3791 906 3844 manus
929 3767 1065 3866 injicere
1079 3767 1142 3840 mi·

7 3915 15 3958 ῑ-
133 3890 190 3982 lu',
216 3893 276 3966 en!
301 3893 428 3999 uolenti
444 3892 638 3993 lubentique
654 3895 765 3968 animo
779 3890 1139 3992 quietum&intrepi-

7 4075 13 4088 ,
135 4016 217 4126 dum
240 4019 338 4098 vobis
359 4019 506 4116 praebeo
515 4019 688 4122 jugulum:
711 4019 808 4100 finite
822 4043 897 4116 me,
920 4017 1068 4122 ingenue
1083 4041 1141 4092 na·

1048 4165 1135 4240 tiimo
