2904 5248
351 479 403 562 30
521 391 1204 535 denumeratur

357 646 409 721 fas
448 635 520 712 erse
560 619 705 732 putabat
739 629 874 709 Veneri
905 631 1050 726 operari,
1100 627 1370 708 Prufieiscunrrr
1417 615 1422 648 ⁴

360 763 591 844 Alexandria:
618 761 701 836 salvi
717 757 891 855 Ephesum
913 759 1067 834 veniunt.
1102 759 1150 834 Et
1166 729 1389 862 prirpuqui·l
1422 762 1423 806 i

362 895 443 968 dem
468 890 526 966 die
550 885 586 962 in
611 887 729 962 villam
752 882 913 958 Melittes
926 884 1157 978 divertuntur,
1182 883 1370 960 utinterea

360 1016 500 1114 nuptiae
516 1031 675 1110 parentur
691 1011 728 1086 iu
743 1013 836 1087 urbe.
862 1014 1081 1110 operabatur
1096 1036 1181 1087 vero
1195 1013 1286 1088 inter
1302 1008 1372 1084 ser·

363 1165 424 1218 vas
442 1141 477 1214 in
496 1163 580 1236 agro
595 1139 713 1212 mulier
729 1161 849 1221 recens
865 1159 975 1232 emta,
1000 1137 1100 1214 tonso
1113 1137 1257 1234 capillo,
1274 1138 1369 1235 squa-

364 1271 439 1344 lore
463 1267 651 1364 pannisque
673 1265 800 1358 obdita,
825 1267 933 1366 virgis
958 1270 1070 1342 etium·
1084 1264 1268 1340 crudeliter
1284 1265 1372 1337 iace·

317 1451 326 1484 s
364 1414 469 1470 ratu:
496 1390 654 1463 elucebat
677 1410 790 1470 tarnen
817 1397 980 1494 quaedam
999 1419 1042 1470 err
1068 1391 1161 1466 facie
1183 1389 1371 1486 habituque

364 1517 531 1593 honestas.
583 1515 685 1589 Haec
713 1519 747 1594 se
768 1521 809 1594 ad
824 1517 983 1596 Melittes
1007 1543 1118 1619 genua
1134 1515 1257 1616 abjicit
1285 1533 1373 1588 urat·

365 1665 498 1745 que‚ut
505 1643 560 1735 se,
571 1639 722 1722 honestis
737 1643 963 1744 ingenuisque
977 1665 1090 1722 natam
1099 1641 1322 1744 parentibus,
1340 1639 1372 1716 iu

363 1776 560 1850 libertatem
575 1769 750 1866 restituat,
767 1771 834 1848 dra
850 1771 1024 1848 Sosthenis
1041 1769 1184 1846 libidine
1201 1769 1375 1846 vindicet.

366 1899 453 1989 Hic,
462 1899 546 1974 licet
554 1899 624 1997 ipse
638 1893 1035 1990 servusesset,servorum
1044 1897 1378 1997 operumqueinuii·

362 2025 397 2098 ia
419 2045 494 2096 erat
508 2028 723 2118 praenetus,
749 2027 992 2122 mulieremque
1009 2028 1097 2100 hanc
1113 2035 1252 2122 nupera
1268 2023 1379 2095 iatro-

361 2144 463 2221 nibus
478 2139 677 2236 auream,
695 2146 830 2220 formae
850 2151 964 2224 caussa
981 2169 1109 2226 emerat
1120 2141 1382 2249 ‚prumiam-

364 2263 434 2370 que
450 2270 543 2366 ejus,
569 2289 671 2366 quam
686 2270 859 2344 blanditiis
873 2274 1022 2369 primum
1039 2275 1297 2368 sollicitaverat,
1311 2297 1383 2372 po·

365 2397 438 2474 stea
465 2394 662 2470 verberibus'
688 2417 884 2495 expugnate
907 2397 1093 2478 nitebatur.
1126 2402 1275 2476 Melitte
1304 2423 1383 2474 earn

253 2593 266 2600 -
368 2523 521 2621 benigne
538 2522 1010 2616 suscipit,suivivinculis,&
1020 2581 1035 2620 ‚
1050 2531 1164 2603 donec
1177 2527 1213 2602 in
1229 2529 1385 2626 patriam

369 2651 499 2740 abiret,
512 2650 703 2725 ¹liberaliter
723 2649 842 2724 haberi
863 2651 963 2748 jubet
987 2677 998 2727 ε
1023 2650 1225 2728 sosthenem
1250 2653 1388 2749 abigit.

371 2782 533 2854 Ceterum
544 2777 730 2873 Clitophun
747 2775 789 2850 a'd
803 2777 957 2852 mulieris
970 2778 1041 2874 ejur
1052 2772 1247 2870 adspeetum
1268 2777 1389 2850 turba

370 2923 459 2992 tur,
492 2900 530 2974 dr
554 2903 662 2974 tacito
683 2901 861 2998 praesagio
884 2902 1101 2998 percutitur,
1127 2898 1218 2997 quod
1244 2897 1284 2970 in
1311 2901 1388 2995 ejur

370 3031 469 3107 vultu
492 3028 680 3124 habituque
703 3009 861 3126 magnam
884 3049 963 3102 cum
985 3027 1167 3125 Leucippe
1187 3027 1388 3102 fimititudi-

371 3176 451 3232 nem
475 3142 734 3250 deprehendere
754 3151 817 3226 subi
840 3152 1031 3229 videbatur.
1082 3158 1209 3253 Neque
1228 3172 1392 3230 ternae:

372 3299 454 3358 nam
473 3291 545 3352 erat
569 3277 639 3376 ipsa
658 3259 847 3378 Leucippe}
869 3284 965 3356 ·Cum
979 3283 1119 3358 domum
1132 3279 1311 3373 rediisset,
1327 3281 1392 3356 in·

372 3428 429 3482 ter
445 3407 660 3484 coenandum
684 3429 763 3480 eum
787 3411 929 3506 Satyrus
956 3407 1090 3484 seoriim
1114 3393 1246 3502 uocat,·
1263 3409 1397 3484 literas

265 3613 269 3622 ,
372 3555 397 3610 a
418 3534 597 3634 Leucippe
618 3535 751 3625 tradit,
773 3531 812 3608 dt
826 3551 944 3608 totam
966 3557 1039 3608 rem
1065 3534 1220 3632 exponit.
1263 3536 1400 3613 Ciito-

375 3663 472 3764 phou
488 3663 616 3736 laetitia
638 3659 676 3738 dr
700 3662 759 3756 spe
782 3659 934 3750 exultat,
958 3681 1068 3757 neque
1083 3658 1263 3758 quidquam
1286 3661 1401 3759 prius

376 3790 618 3887 habet·,quam
631 3786 812 3864 confestim
831 3787 872 3862 ad
881 3788 1083 3888 Leucippen
1095 3787 1288 3864 adcurrere.
1319 3787 1402 3862 Re

376 3916 470 3994 tinet
490 3938 569 3990 eum
592 3918 747 4012 Satyrus:
773 3913 1091 4004 constituunt,rem
1111 3915 1314 3992 a'Meiittes
1333 3941 1400 3992 no·

378 4039 661 4140 titiaeouibere,
684 4041 724 4121 dt
739 4044 847 4144 prima
875 4063 1007 4144 quaque
1029 4039 1208 4118 uccafiune
1227 4045 1405 4141 auffuge-

594 4193 599 4203 ·
1344 4189 1406 4246 re
