2964 5252
279 439 359 562 'ux
383 471 541 561 sorr.
567 476 601 556 s.
627 444 1003 558 musculum
1091 483 1149 569 25·

18 645 19 654 Ν
135 641 222 738 elue
245 659 328 759 quid
348 657 496 758 spectare
522 653 627 729 solent
649 671 792 753 poetae,
815 674 915 748 quam
936 673 1041 726 unum
1062 645 1142 726 illud

18 815 21 822 ·
132 788 223 884 ¹quod
247 790 374 885 agitur,
398 807 439 858 ac
453 781 645 856 referuntur
662 780 718 852 vel
733 779 775 853 ad
793 778 959 900 peculiare
974 775 1143 870 quoddam

129 909 284 1002 fabium,
316 912 373 984 vel
399 909 443 982 ad
469 908 621 983 favorem
647 904 780 980 theatri.
793 900 1048 1000 occupandum·
1089 903 1144 976 As

134 1037 280 1110 Hecuba
302 1024 593 1118 eximeremus,
621 1029 825 1106 frustra'srbi
850 1023 1056 1104 consumtum
1067 1029 1143 1102 esse
1271 1021 1272 1024 ’

131 1165 288 1257 operam,
306 1164 511 1260 Polyxenam
527 1159 701 1248 hortatur,
711 1175 749 1230 ut
765 1157 832 1252 ipsu
849 1155 1144 1238 fletlereUlisserd

129 1303 290 1360 conetur:
312 1342 336 1377 „
346 1289 444 1385 Age,
458 1285 584 1384 inquit,
598 1281 721 1373 olilia,
741 1279 1010 1379 quandoquidem
1027 1278 1142 1358 inanes

127 1413 192 1508 p'ro
217 1429 253 1483 te
272 1435 373 1486 ,meae
393 1413 534 1487 'suerunt
556 1401 693 1506 preces,
719 1407 787 1506 ipsa
808 1407 983 1504 experire,
1007 1429 1049 1480 an
1066 1408 1142 1503 plus

127 1535 239 1609 valeas
261 1535 506 1634 persuadendo:
532 1533 648 1609 accidc
663 1533 706 1608 ad
723 1531 835 1612 Ulissrs
853 1553 981 1630 gennep
1003 1529 1145 1612 habebis

127 1657 251 1753 aliquid
275 1651 572 1734 commendationis
592 1659 682 1758 apud
703 1681 782 1732 eum
796 1658 961 1756 juventus
982 1675 1058 1746 tum,
1085 1656 1143 1732 h'ass

127 1783 188 1856 ber
215 1781 284 1878 iple
307 1807 443 1881 quoque
462 1784 582 1857 liberos
605 1783 644 1859 ἃ
671 1785 817 1866 animum
838 1793 1026 1880 paternum.
1075 1785 1145 1872 Ita?

128 1921 196 2000 que
224 1905 396 2004 Polyxena
424 1901 790 2005 alloquiturUlisiem,
820 1918 889 1981 bon
912 1909 1083 2003 quidem,·
1101 1897 1155 1985 ut·

124 2047 245 2104 mater
253 2033 414 2129 jusserat,
439 2036 578 2132 supplex
594 2033 632 2109 dr
648 2031 835 2130 abjebband
849 2055 987 2129 preces,
1010 2033 1068 2108 sed
1083 2055 1142 2130 ge-

128 2157 421 2256 nerosofortique
443 2159 564 2234 animo.
598 2213 622 2250 „
649 2153 784 2244 Video,
806 2155 935 2249 inquit,
960 2177 996 2228 te
1018 2155 1141 2231 faciem

129 2303 221 2356 ame
241 2301 412 2376 avertere,
437 2285 583 2372 Ullsstr,
608 2283 850 2372 dexteramque
870 2295 982 2368 tuam,
1009 2303 1052 2354 ne
1068 2279 1143 2378 sup·
1207 2269 1212 2298 “

127 2408 207 2504 pler
231 2433 305 2485 eam
328 2411 536 2508 prehendere
557 2407 689 2508 possrm.
742 2401 852 2495 Atqui
876 2423 944 2474 non
973 2403 1141 2500 estquod

125 2531 234 2608 hocce
249 2535 383 2611 timeasr
408 2537 511 2606 nullas
527 2529 589 2606 tibi
604 2523 770 2597 adhibebo
781 2543 921 2620 preces,
939 2545 1050 2618 neque
1065 2525 1142 2622 sup·

125 2661 250 2754 plicum
266 2653 447 2752 praefidem
465 2652 526 2729 tibi
540 2655 664 2749 Jouem
675 2648 840 2746 objiciam.
863 2651 989 2744 Sequar
1001 2668 1037 2718 te
1054 2649 1142 2724 lraud

132 2779 261 2868 invita,¹
276 2801 353 2851 cum
375 2775 565 2852 necessitati
590 2775 824 2864 cedensstum
838 2795 982 2850 mortem
999 2775 1066 2873 ipsa
1084 2801 1143 2876 ap-

100 2922 266 3000 ‚petenst
292 2903 383 3003 quod
406 2902 464 2996 nisi
488 2901 630 2990 faciam,
654 2902 776 2999 ignava
794 2901 952 3002 profeblo
971 2903 1029 2977 srm
1045 2903 1141 2999 puel·

125 3029 175 3120 la,
207 3023 247 3101 dt
269 3027 362 3102 vitae
387 3027 475 3099 mele'
498 3027 628 3124 cupida.
679 3029 772 3132 Quid
798 3029 915 3102 enim?
941 3043 1038 3123 patre
1061 3046 1140 3101 nata

124 3173 225 3250 rege,
250 3152 316 3226 alta
331 3151 539 3248 educataque
553 3155 719 3250 praeclara
735 3153 812 3251 spe,
836 3151 949 3250 sponsa
965 3150 1073 3250 petita
1086 3175 1138 3224 re·

126 3278 224 3376 gibus
256 3277 395 3352 summa*
410 3276 619 3366 ambitione,
651 3301 716 3354 una
742 3280 783 3351 ab
809 3277 962 3352 omnibus
984 3277 1140 3374 Trojanis

126 3401 318 3480 mulieribus
345 3393 596 3501 virginibusque
619 3404 709 3477 culta
730 3403 948 3500 suspectaque
972 3419 1139 3498 tamquam
1275 3460 1278 3467 .

125 3527 278 3617 domina,
310 3530 448 3624 Deabus
471 3527 546 3624 iplrs
571 3519 744 3620 nullate,
776 3529 835 3602 nisr
863 3526 1137 3620 immortalitate,

124 3657 266 3730 cedens:
287 3677 353 3754 ego
365 3654 469 3752 igitur
483 3675 552 3731 tam
565 3651 646 3729 felix
661 3673 796 3750 tamqre
814 3643 1028 3729 beornmodo
1043 3655 1136 3752 puel·

118 3787 178 3870 le,
202 3803 293 3862 nunc
317 3779 451 3862 redadla
474 3779 545 3854 sum
568 3779 603 3853 in
622 3779 837 3871 servitutem,
863 3781 957 3878 cujus
977 3799 1067 3853 tanta
1082 3795 1135 3852 est

116 3903 197 3996 ¹vis,
214 3923 254 3980 ut
278 3905 468 3980 recentibus
479 3903 528 3981 -ὅι
543 3902 727 4003 inexpertis
742 3905 859 3982 animis
871 3908 927 3982 uel
946 3907 1014 3981 solo
1029 3905 1134 3981 nomi·

121 4051 167 4106 ne
190 4030 381 4130 cupidinem
395 4027 529 4129 'injiciat
544 4029 820 4122 mortiers-,Haec
833 4029 970 4130 quidem
983 4029 1134 4129 praesens

215 4177 219 4186 ⁴
586 4158 614 4236 B
639 4179 664 4250 5
780 4171 784 4182 '
1084 4177 1135 4236 est
