2904 5248
291 558 304 578 .
370 495 428 595 hl
590 485 954 570 PHALARIDIS
979 491 1152 572 nater.
1178 489 1253 574 ιι

367 667 550 758 bendere,
575 689 634 764 qur
622 663 742 740 bona
755 663 812 738 sua
827 689 907 742 cum
920 668 995 744 allia
1010 671 1296 750 communicent?
1313 676 1393 772 Tu‚'

376 823 459 878 cum
481 817 525 870 etr
552 792 692 892 angusta
710 787 750 870 dt
771 787 933 870 famelica
955 815 1015 874 tua
1044 797 1201 874 doblrina
1226 801 1335 880 aliis'
1323 829 1389 881 tm·

377 919 501 1023 pertiti
525 919 574 996 nil
598 916 726 1014 potiit,
752 939 812 992 eos
827 919 932 998 ctiam
947 923 1179 1023 vituperabis,
1203 953 1262 1027 qur
1253 929 1388 1028 largas

369 1045 575 1150 praestantis
595 1041 773 1128 doctrinae
794 1047 911 1144 copias
934 1049 970 1124 in
988 1053 1165 1148 publicum
1183 1057 1384 1152 effundunt,

370 1175 494 1276 quibus
518 1171 558 1258 dt,
585 1189 623 1246 tu
650 1169 809 1270 ipse,·&
831 1174 890 1248 alii
915 1179 967 1252 uti
992 1179 1131 1276 posfint.
1184 1183 1253 1278 Et,
1277 1206 1382 1282 prout

373 1301 434 1378 illa
457 1299 548 1374 inter
564 1297 744 1373 Britannos
760 1297 804 1373 de
817 1301 997 1382 Phalaride
1019 1311 1202 1384 contentio
1218 1311 1382 1410 copiosis·
1421 1319 1422 1328 '

364 1426 1376 1535 mmmfflfflmfflfflmfflmm

364 1551 521 1645 nes,.s1c
537 1551 574 1628 in
596 1551 719 1626 eodem
737 1573 938 1652 argumento
955 1561 1125 1659 Lennepii
1140 1559 1296 1642 dotirioa
1312 1571 1377 1644 tale

367 1705 457 1778 opus
480 1677 621 1772 effecit,
646 1680 737 1778 quod
756 1698 824 1756 tam
851 1681 908 1757 sua
926 1683 1150 1782 praestantia,
1173 1715 1273 1791 quam
1290 1695 1376 1772 Pha·

366 1805 486 1883 laridis
511 1806 833 1900 commendatione,
852 1809 1066 1896 eruditorum
1086 1815 1263 1901 hominum
1274 1825 1319 1904 ad
1334 1823 1379 1906 sc

365 1933 479 2010 studia
492 1949 686 2011 convertat.

301 2047 1376 2180 ²Sfflmmumstmwe‚mm

365 2175 566 2284 quindecim
585 2204 692 2257 annos
716 2185 867 2262 Graecas
881 2190 1087 2291 Latinasque
1103 2195 1219 2274 literas
1230 2202 1377 2300 docuit,

355 2309 491 2408 saepius
504 2305 641 2382 adversa
658 2313 855 2388 valetudine
871 2332 1019 2392 tentatus
1033 2319 1171 2414 fuisset,
1187 2327 1376 2406 vehemen-

354 2437 427 2514 tius
441 2435 545 2510 etiam
561 2454 740 2532 aegrotare
756 2441 897 2538 coepit,
907 2441 1124 2548 posteaquam
1138 2437 1373 2554 Franeuuerae

357 2565 526 2642 inlocum
541 2560 638 2636 Gisb.
654 2561 785 2640 Koenii
798 2564 1018 2648 successisset.
1054 2573 1169 2652 Tanta
1184 2581 1288 2658 enirn
1304 2605 1372 2660 crat

362 2691 477 2768 morbi
495 2687 677 2782 atrocitas,
695 2709 820 2768 utnon
840 2693 901 2768 nili
917 2695 1127 2797 Aquisgrani
1148 2703 1284 2783 domari
1297 2737 1370 2808 pon

359 2817 397 2894 le
420 2815 607 2889 videretur.
632 2817 753 2910 Itaque
767 2841 811 2892 eo
826 2819 1018 2900 devehitur.
1045 2827 1112 2903 Nil
1128 2847 1244 2908 tamen
1263 2840 1372 2914 valuit

352 2938 1372 3075 ·ώΜΜΜΜω.ΜΜΜΜΜΜ-

359 3065 436 3144 fit
387 3086 492 3166 tJam
516 3067 620 3140 morti
645 3067 819 3158 vicinum,
836 3067 948 3152 fracto
965 3077 1102 3172 quidem
1121 3085 1373 3192 debilitatoque

361 3213 529 3290 corpore,
554 3187 612 3262 sed
634 3189 750 3265 animo
777 3213 1037 3300 argenteaeque
1059 3203 1165 3302 forti,
1191 3217 1367 3296 ultimum·

356 3340 427 3422 que
448 3315 482 3390 ei
506 3317 582 3390 vale
600 3315 700 3392 dixit.
732 3317 859 3418 Neque
874 3328 982 3402 multo
997 3351 1076 3429 post
1092 3339 1277 3424 callincius
1293 3367 1374 3441 est,

352 3464 455 3518 anno
480 3443 584 3521 seculi
612 3444 711 3542 hujus
744 3447 859 3544 ptimo
884 3449 923 3533 ἃ
948 3451 1213 3561 septuagesimo,
1238 3475 1374 3550 aetatis

354 3570 431 3646 luae
455 3571 552 3646 sexto
572 3569 611 3646 dt
632 3571 899 3672 quadragesimo
951 3581 1054 3678 Cujus
1078 3590 1145 3666 viri
1164 3594 1257 3668 obitu
1273 3599 1377 3680 boni

354 3721 475 3776 ornnes
503 3721 547 3772 eo
555 3696 724 3772 acerbius
753 3702 931 3795 luxerunt,
956 3729 1063 3803 cunr,
1088 3717 1178 3813 quod
1201 3719 1275 3818 ejus
1302 3726 1375 3801 do-

353 3823 464 3902 ctrina
490 3788 672 3918 conjuncta
695 3824 813 3903 fuisset
840 3855 918 3907 conr
940 3835 1048 3912 animi
1065 3861 1269 3943 morumque
1285 3848 1375 3930 infr·

248 3995 252 4012 ι
359 3975 423 4062 gru
412 3949 692 4090 humanitate:
717 3971 790 4030 turn
822 3959 913 4056 quod
939 3981 1059 4042 recens
1076 3969 1297 4054 adhuceaset
1315 3980 1371 4052 lu·
1421 3949 1422 3976 ³

1289 4101 1377 4181 dtus
