2904 5248
164 433 336 578 busun]
357 471 582 608 anctum.
608 503 634 576 1.
659 501 705 576 u.
732 495 1009 576 mrtunttrs.
1057 505 1104 576 rr

97 675 195 752 verte
234 675 409 752 uideamur
449 677 494 750 de
532 699 576 749 eo
596 673 773 774 judicasse.
840 675 978 748 Praeter
1017 645 1102 746 haec

13 813 21 831 ‘
77 826 188 879 ¹vero
218 804 277 878 mi
299 799 450 897 scripta,
477 803 514 878 in
537 825 661 899 magna
686 790 851 876 librorum
876 798 1103 872 Arabicarum

98 927 204 1024 copia
226 928 326 1024 pauci
344 929 439 1022 sunt,
474 931 547 1004 imo
571 929 645 1004 fere
666 927 768 1017 nulli,
784 929 842 1026 qui
865 927 911 1001 nd
934 923 1022 996 hanc
1046 943 1102 996 ae·
1252 1018 1257 1026 Ι

33 1089 35 1096 ,
101 1069 207 1126 tatem
224 1054 431 1149 pertineant.
484 1058 597 1148 Nam,
622 1076 709 1152 quae
721 1051 925 1152 supersunt,
956 1047 1104 1141 Lebidi,
1157 1119 1162 1130 ,
1354 1021 1362 1052 ‘

101 1169 225 1266 Cadini,
253 1175 478 1276 Tharaphae,
494 1181 703 1280 aliorumque
727 1176 969 1277 praestantium
985 1177 1104 1249 Poeta·

92 1321 176 1372 tum
198 1302 369 1396 carmina,
394 1309 473 1382 curn
494 1304 650 1404 suppares
674 1307 724 1384 illi
745 1301 874 1380 fuerint
897 1299 1001 1373 aetati
1019 1303 1107 1374 Mo·

91 1426 290 1504 bammedis
305 1480 320 1518 ,
335 1418 338 1428 ¹
353 1430 517 1508 videntur
539 1436 582 1508 ad
606 1433 777 1533 primam,
802 1451 902 1529 quam
925 1423 1104 1524 descript·

94 1577 195 1644 mus,
207 1620 209 1626 ,
222 1571 371 1630 aetatem
386 1558 511 1634 rectius
524 1556 657 1637 referri

145 1681 316 1754 Succersrt
350 1683 512 1784 deinceps
539 1688 644 1762 tertia
671 1703 796 1776 aetas,
829 1683 1037 1760 'summorum
1055 1683 1110 1759 int
1150 1671 1152 1678 ’

94 1801 287 1900 geniorum
318 1801 357 1886 in
395 1815 492 1890 omni
519 1811 694 1888 dostrinae
715 1831 844 1908 genere
875 1807 1109 1899 letacisfima,

102 1951 270 2030 quamque
337 1959 493 2012 auream
541 1940 713 2036 appellate
766 1939 909 2014 omnino
959 1953 1110 2033 oportet.

104 2055 210 2132 enee
257 2061 300 2134 ab
339 2061 383 2136 A.
418 2064 468 2138 H.
513 2085 592 2158 137.
628 2065 653 2138 i.
701 2045 732 2142 e}
769 2062 894 2137 Christi
927 2085 1026 2156 754,
1064 2058 1110 2130 ad
1199 2145 1204 2158 .

100 2181 232 2263 ,ΑΛ-Ι.
260 2185 351 2260 lere.
368 2186 712 2286 attingentesrmuml
745 2187 817 2260 srve
840 2207 938 2260 aerae
975 2185 1112 2260 nostrae

100 2303 254 2384 seculum
300 2308 474 2390 decimum
525 2315 679 2414 quintum
725 2312 909 2415 pertinet,
936 2311 1138 2409 adeoque

61 2521 64 2532 Ι
103 2429 244 2508 circiter
277 2465 349 2535 700
380 2465 546 2518 annorum
579 2463 716 2540 ternpus
746 2437 999 2532 complectitur.
1063 2437 1113 2505 Et

99 2555 236 2669 primus
269 2569 418 2664 quidem,
456 2569 515 2664 qui
530 2573 618 2641 'tarn
644 2561 794 2634 ¹felicem
823 2579 938 2630 rerum
964 2559 1112 2629 conver-

103 2696 236 2773 stunem
257 2693 463 2774 austeritate
482 2689 545 2760 sua
575 2686 614 2761 dt
630 2687 790 2782 exemplo
808 2683 981 2773 efficeret,
1000 2679 1113 2754 vfuisse

104 2816 217 2890 fertur
276 2813 484 2903 Manlum,
518 2812 682 2890 secundus
715 2817 905 2910 Imperator
933 2827 1116 2904 ungente

105 2937 374 3031 dbbalidarurn,
399 2939 441 3045 ad
457 2963 559 3036 quos,
585 2939 706 3014 deletis
724 2935 981 3026 Ommiadibas‚
1007 2939 1040 3009 A
1062 2937 1114 3011 H.
1146 2963 1148 2969 ’

112 3093 204 3166 132,
230 3067 356 3142 summa
395 3065 533 3161 imperii
571 3065 722 3164 potestas
758 3082 972 3162 pervenerat.
1025 3065 1115 3136 Cum

105 3192 201 3270 enim
216 3189 424 3290 perspiceret
439 3189 501 3264 hic
516 3189 592 3281 vir,
611 3211 712 3288 quam
729 3190 881 3264 salutaris
896 3190 1031 3292 civibus
1048 3189 1128 3264 suit

104 3319 224 3396 futura
247 3317 335 3390 esset
346 3317 473 3391 ¹artium
485 3317 725 3414 literarumque
740 3321 889 3411 cultura,
914 3343 1001 3417 quae
1020 3317 1118 3392 fero·
1141 3349 1143 3358 Α

8 3519 10 3538 ἦ
108 3449 223 3536 eiures
238 3443 369 3550 animos
385 3445 572 3538 emolliret,
596 3445 874 3543 pacatioremque
891 3443 1049 3519 redderet
1064 3443 1121 3520 tei

109 3572 270 3672 publicae
291 3572 438 3666 statum,
455 3571 493 3646 in
515 3571 550 3644 id
574 3574 668 3648 omni
691 3593 797 3672 opera
814 3570 1053 3659 incumbebat,
1079 3587 1119 3644 ut

108 3701 304 3777 exulantem
329 3699 517 3776 dottrinarn
541 3699 632 3799 quast
663 3699 876 3801 postliminio
907 3698 1126 3787 reduceret,

109 3825 152 3902 dt
182 3825 436 3917 incredibilem,
463 3849 531 3923 quo
551 3827 624 3924 ipse
648 3827 840 3926 flagrabat,
865 3825 940 3923 ejus
965 3847 1118 3901 amorem
1190 3813 1194 3828 ’

108 3949 202 4050 apud
218 3949 301 4025 alios
317 3974 451 4052 quoque
466 3951 644 4029 excitaret.
666 3955 869 4058 Quicunque
886 3951 991 4050 igitur
1008 3952 1062 4024 vel
1079 3949 1122 4024 in

106 4095 183 4152 arte
196 4079 357 4177 quadam,
389 4080 498 4195 velin
514 4078 816 4180 scientiaalicujtu
837 4081 890 4186 rei
905 4078 1115 4164 eminerentt
1236 4054 1241 4062 ’

160 4208 246 4286 Part
262 4205 312 4288 II.
585 4205 591 4212 ’
690 4207 719 4282 F
1050 4201 1129 4276 buu

1265 1607 1273 1639 t

1180 1651 1194 1697 l
