2904 5248
247 585 260 606 ,
360 548 407 628 30
636 507 1122 596 nnuunnonn

360 683 431 794 hoc
446 726 516 783 tant
533 703 714 780 barbarum
736 692 885 768 seculum
899 670 1067 788 ingenie,
1094 687 1272 782 tintinna,
1298 693 1376 768 elo-¹

363 837 502 942 quentia
526 825 674 904 mirifice
696 817 924 907 collustravit,
950 817 1030 908 Ali,
1055 811 1249 892 liliusrlbu
1267 821 1369 895 Tale·

360 967 418 1056 bi,
445 979 550 1059 gener
576 947 853 1035 Mohammedis,
879 939 1046 1038 hujusque
1067 945 1240 1018 tertiusin
1263 943 1372 1043 irnpe-

361 1091 416 1165 rio
439 1077 630 1169 successor3
656 1099 759 1174 quem
776 1071 968 1147 eruditione
987 1070 1172 1170 Augusto,·
1189 1073 1371 1151 clementia

362 1215 402 1292 δι
421 1205 637 1308 benignitate
645 1201 818 1298 Trojano,
842 1193 1079 1297 philosophiae
1095 1194 1133 1272 <a
1150 1195 1290 1294 pietatis
1304 1201 1370 1276 stu·

362 1345 424 1422 dio
434 1320 984 1420 MarcoAntoninoPllilosopho,
1011 1322 1238 1414 fortitudine,
1262 1325 1369 1421 justae

362 1467 496 1566 caussae
511 1457 708 1561 patrocinio
742 1453 782 1529 ἃ
797 1451 909 1526 exitus
934 1450 1022 1526 tristi
1045 1451 1181 1526 ratione
1205 1453 1371 1552 Pompejo

362 1599 504 1694 parem,
531 1586 725 1686 eloquentia
742 1581 898 1658 omnibus
916 1577 1081 1674 majorem
1093 1577 1264 1674 judicavit
1274 1581 1372 1656 Reis-

241 1727 244 1736 '
361 1717 439 1800 nius
462 1719 512 1796 V.
530 1719 591 1806 Cl,
617 1713 673 1814 (⁴)
699 1711 737 1785 &
759 1709 853 1784 rene
872 1693 1206 1800 judicasse-fatentur
1221 1707 1373 1804 quicum·

363 1869 431 1948 que
455 1867 533 1918 curn
558 1839 737 1915 historiam
754 1822 1082 1906 Mohammedanam
1101 1831 1225 1907 horum
1241 1852 1375 1933 tempo

364 1993 442 2048 turn
474 1965 706 2068 cognoverint
734 2018 745 2054 ‚
772 1971 845 2034 turn
872 1957 943 2056 ipsa
972 1957 1136 2056 praeclui
1160 1958 1226 2033 viri
1250 1959 1378 2060 scripta

366 2096 575 2175 evolverint.
626 2083 749 2176 Nam,
783 2103 920 2180 praeter
945 2084 1168 2180 paroemias,
1191 2085 1262 2162 five
1284 2087 1378 2167 dieu

366 2215 439 2324 ejus
464 2209 698 2300 sententiosa,
733 2225 951 2308 quorumest
974 2229 1107 2310 magna
1121 2237 1199 2311 pars
1222 2239 1241 2289 a
1267 2217 1380 2294 Golio

366 2351 460 2427 edita
491 2347 532 2420 L.
564 2343 609 2417 B.
640 2331 752 2428 1629',
777 2335 888 2434 major
928 2356 1016 2409 vero
1055 2337 1181 2416 adhue·
1205 2343 1292 2416 latet
1343 2345 1381 2420 in

366 2475 500 2562 Mun,
533 2465 707 2566 supersunt
741 2462 846 2537 etiam
877 2463 1075 2560 orationes,
1100 2467 1140 2544 ἅ
1179 2471 1380 2548 orationum

365 2601 587 2698 fragmenta,
621 2589 727 2687 digna
773 2587 886 2684 sane,
925 2615 1043 2688 quae,
1082 2594 1127 2668 ob
1172 2594 1380 2695 singularem

368 2715 600 2827 eloquentiam
630 2730 633 2744 ’
658 2735 760 2815 atque
819 2714 994 2812 copiam,
1044 2739 1088 2791 ex
1146 2723 1379 2802 bibliorneca.

368 2847 444 2935 rum
473 2841 612 2926 latebris
643 2843 680 2918 in
711 2847 823 2917 lucent
849 2848 1122 2939 ex'prornantur3
1158 2849 1254 2942 quod
1285 2876 1308 2925 a
1335 2853 1381 2927 vi.

365 3003 407 3061 ro
439 2981 558 3054 harum
581 2957 759 3047 literarum
789 2967 994 3062 peritisfimo
1023 2971 1121 3045 brevi
1155 2972 1290 3052 saelum
1315 2981 1382 3073 iri,

367 3105 468 3219 nobis
491 3101 566 3198 spes
582 3091 728 3172 adsulsrt.
779 3093 877 3194 Quae
894 3091 1051 3171 vero'sub
1072 3097 1172 3195 hujus
1191 3101 1387 3201 imperato.

366 3217 413 3308 ris
447 3223 595 3309 nornine,
620 3217 906 3294 circumferuntur
947 3221 1097 3296 carmina
1115 3221 1132 3315 ‚'
1160 3229 1390 3323 nugacissrmi

367 3348 570 3452 impostoris,
580 3371 665 3446 opus
680 3343 769 3433 esse,
794 3367 860 3417 nec
875 3345 1026 3439 potuisse
1052 3371 1071 3420 a
1097 3349 1156 3424 tali
1176 3353 1254 3426 viro
1270 3359 1391 3452 profi-

366 3477 482 3571 cisti,
507 3473 634 3550 dudum
651 3490 728 3560 est,
754 3469 923 3566 quodviri
941 3469 1256 3554 dotlimonuerunt
1282 3505 1295 3556 ς
1329 3483 1391 3560 sed

366 3609 448 3692 i'deo
470 3601 699 3680 existimamus
717 3595 777 3668 hic
809 3597 1052 3694 repetendum,
1078 3623 1123 3674 ne
1154 3603 1395 3700 imperitiori.

367 3741 450 3840 pur,
473 3723 658 3808 sasortein
678 3743 747 3798 tant
762 3721 918 3822 ineptum
934 3722 1086 3802 libellum
1100 3727 1273 3828 incidant,
1300 3764 1391 3837 per.

1193 3897 1195 3902 ·
1291 3867 1399 3945 verse

408 4041 453 4118 (*)
478 4033 646 4098 Dlssert.¹dr
663 4033 836 4110 Principibus
859 4032 1097 4111 Multammetlanr's‚
1129 4043 1176 4119 qui
1195 4055 1246 4103 aar
1269 4047 1307 4105 ab
1333 4065 1396 4108 m.

332 4233 338 4240 ·
366 4149 487 4214 littore,
506 4152 556 4203 ω
567 4139 601 4206 ab
617 4151 700 4200 amore
716 4143 853 4204 literarum
868 4141 1065 4204 inclaruerunt.
1136 4169 1139 4175 ·
