2956 5268
310 456 396 560 n'T
428 465 991 554 scnrrrtstououut
1084 485 1155 560 ιη
1216 411 1217 419 ¹

141 667 288 758 derunt,
312 683 447 750 tamen,
471 659 617 733 intanta
633 651 736 725 etiam
750 645 973 724 conversione
986 618 1095 720 rernm
1104 651 1151 720 'ac

144 792 414 904 perturbatione,
437 784 505 860 fuit
519 779 636 876 aliquis
653 775 893 850 excellentium
907 773 1059 847 virorum
1072 793 1149 864 pro·
1171 815 1177 828 ·

143 941 273 1024 ventus.
318 917 474 1016 Quorum
488 911 592 1006 longe
607 901 781 1002 principes
798 919 1015 974 numerantur
1029 901 1064 976 in
1078 897 1150 994 pri·

142 1044 209 1120 mis
234 1043 327 1136 duo,
353 1037 550 1134 Longinus,
575 1030 631 1105 cui
651 1030 707 1102 vel
731 1025 874 1102 meliora
896 1043 1051 1120 tempora
1072 1045 1151 1120 per·

139 1193 270 1283 paucos
286 1193 384 1266 pares
403 1167 565 1250 tulerunt,
582 1180 624 1230 ac
638 1131 865 1251 Porphyrius,
879 1172 899 1222 e
915 1149 1068 1248 Longini
1084 1149 1152 1224 dit·

135 1294 270 1394 tiplina
285 1291 480 1392 profeilus,
503 1281 601 1360 &ad
619 1255 775 1390 magistri
787 1277 924 1368 laudes,
947 1299 1151 1377 quamquam

138 1421 248 1516 longo
270 1419 473 1506 intervallo,
497 1407 655 1508 proxime
671 1400 851 1478 accedens.
896 1402 1079 1499 Porphyrii
1097 1399 1151 1475 vi·

140 1543 377 1636 tarn,studia‚
391 1543 431 1617 dt
444 1540 572 1636 scripta
585 1537 693 1608 Lucas
713 1525 931 1620 Holsteuius,
951 1527 1006 1602 vir
1024 1545 1151 1624 magna

138 1677 180 1754 δι
204 1674 383 1754 recondita
398 1663 609 1752 eruditione,
634 1681 706 1734 tam
722 1669 880 1730 accurate
895 1649 1088 1740 enarravit,
1113 1664 1152 1722 ut

140 1806 339 1904 exemplum
370 1792 503 1871 dederit
529 1787 606 1862 talis
636 1778 799 1858 historiae
828 1777 918 1852 bene
944 1771 1153 1848 scribendae.
1244 1861 1249 1869 ¹

140 1937 193 2014 At
217 1910 370 2030 Longini
393 1916 580 1998 memoriae
601 1908 660 2007 qui
675 1891 759 2001 ¹pari
775 1901 813 1980 dt
828 1925 909 1978 cura
925 1892 962 1980 dt
978 1897 1153 1978 doctrinae

140 2060 243 2158 copia
267 2053 477 2134 consuleret,
502 2041 613 2114 adhuc
633 2030 753 2106 scimus
767 2045 940 2123 repertum
957 2021 1027 2096 esse
1042 2021 1151 2096 nenti·

1 2239 2 2250 κ
138 2207 245 2275 netu.¹
283 2180 364 2282 Quo
378 2167 486 2268 magis
503 2156 688 2248 convenit,
713 2151 857 2227 eandem
873 2147 943 2238 illi,
968 2145 1149 2226 autetiam

0 2376 1 2385 ,
134 2307 405 2406 diligentiorem,
424 2289 539 2372 srfieri
551 2300 682 2386 potest,
701 2301 840 2376 operam
851 2297 977 2366 navare
996 2273 1044 2374 (5.
1061 2275 1149 2374 r.)7·

134 2433 276 2510 Plenum
301 2431 372 2527 ejus
396 2445 522 2529 nomen
546 2431 619 2489 erat
639 2403 810 2503 Dionpfins
832 2400 958 2493 Cassius
973 2403 1147 2493 Longinus.

136 2559 275 2634 Graeco
287 2547 430 2648 Dionpfii
448 2543 603 2626 nomini,
619 2531 712 2632 quod
727 2527 840 2606 infans
856 2538 1057 2618 acceperat,
1074 2519 1147 2592 Ro·
1208 2589 1214 2598 ,

132 2709 274 2764 manum
299 2676 402 2769 Cosfii
422 2669 560 2760 Longini
575 2653 738 2740 accesstt,
762 2651 834 2722 five
850 2646 940 2742 qood
957 2645 1030 2740 ipse
1046 2644 1083 2715 in
1098 2644 1149 2716 fa·

134 2811 254 2884 miliae
281 2797 409 2874 Casfiae
431 2784 610 2884 Longinae
634 2773 826 2854 clientelam
851 2761 1010 2867 receptus
1034 2766 1146 2860 esset,

133 2930 206 3006 five
229 2923 320 3026 quod
336 2921 406 3018 ejus
421 2917 641 3012 majoresper
653 2900 800 2998 aliquem
816 2921 859 2972 ex
875 2895 995 2970 Casliis'
1013 2895 1145 2990 Longi·

131 3055 184 3131 nis
201 3051 379 3126 'civitatem
395 3033 602 3137 accepissent
617 3027 670 3130 (u.
691 3025 746 3126 2.)
756 3067 785 3084 ··
808 3025 889 3126 Quo
906 3045 998 3098 anno
1013 3019 1144 3118 Longi.

128 3206 194 3262 uus
209 3199 306 3254 natus
321 3171 362 3248 stt
378 3145 482 3244 nemo
501 3150 787 3238 commemoravit
797 3177 840 3222 ··;
867 3147 935 3221 Sed
955 3147 1034 3244 quid
1050 3167 1143 3220 nata·
1190 3163 1208 3173 ··

128 3312 200 3388 lem
224 3306 317 3378 diem
341 3311 513 3372 annumve
536 3286 620 3360 scire
637 3281 781 3362 attinet,
806 3297 886 3351 cum
901 3289 991 3346 aetas
1007 3271 1079 3368 ejus
1094 3271 1143 3350 sa.

132 3431 179 3508 tis
193 3429 296 3506 certis
312 3425 348 3500 dr
366 3412 551 3522 perspicuis
566 3405 704 3484 indiciis
721 3400 902 3502 teneat-ur?
923 3398 1018 3473 Nam
1032 3397 1056 3472 st
1072 3425 1143 3474 mn·
1209 3468 1212 3476 ,

124 3556 275 3656 'gistrum
301 3546 429 3648 viginti
455 3539 549 3616 annis
571 3531 740 3630 discipulo
765 3523 979 3624 Porphyrio,
1014 3523 1072 3622 qui
1098 3525 1143 3598 A.

132 3688 174 3758 C.
202 3703 270 3774 233
293 3688 485 3776 natusest,
511 3659 727 3761 grandiorem
749 3654 854 3730 fuisse
874 3671 1059 3750 ponamus,
1086 3669 1145 3720 na·

112 3805 211 3912 talis
235 3803 307 3900 ejus
330 3796 454 3872 incidit
474 3793 511 3868 in
533 3791 577 3865 A.
600 3789 640 3872 C,
658 3809 749 3882 213,
774 3779 931 3879 vixitque
947 3774 1033 3850 adeo
1049 3773 1142 3844 Lon·
1218 3811 1223 3818 ,

133 3929 234 4030 ginus
258 3933 304 4000 60
329 3947 454 4010 annos,
488 3914 649 4016 quoniam
674 3930 807 3986 certum
831 3925 906 4000 est,
931 3923 1009 3978 eunt
1031 3897 1076 3974 A.
1103 3897 1143 3972 G.
1171 3995 1174 4001 Ι

129 4081 205 4155 273
231 4045 387 4158 periisse.
427 4047 512 4122 Non
533 4043 643 4120 minus
658 4037 807 4114 incertus
822 4051 873 4112 est
889 4029 960 4134 ejus
976 4029 1070 4105 locus
1088 4045 1146 4100 na.

516 4155 682 4264 “lig
917 4228 932 4274 χ
1052 4147 1146 4228 talis.
