2964 5252
258 483 644 571 RELATIONES
682 477 1027 566 BREVIORES.
1082 503 1152 586 139

136 675 411 776 aequitaniam
428 669 467 771 se
491 669 659 776 consensu,
691 649 816 748 ultimo'
839 670 918 746 ioco
946 669 1146 750 collocavit.

139 803 245 912 Quod
267 801 310 880 ad
333 801 496 876 volumen
520 798 703 876 secundum
733 793 893 890 adtinet,
928 821 948 873 a
974 795 1147 872 Conradio

127 927 409 1020 ¹contendimus,
446 949 493 1004 ne
530 927 664 1024 quartia
687 921 946 1022 scriptiunculat
976 923 1147 1002 academi-

125 1075 223 1148 cos,
256 1052 370 1154 quales
394 1049 624 1128 Professorum
646 1038 788 1128 dextrae
813 1051 974 1126 mercede
999 1051 1150 1128 conduc·

140 1195 200 1254 tae
221 1176 261 1255 dt
285 1177 329 1254 de
353 1179 463 1280 gioria
488 1201 608 1278 parurn
632 1173 799 1254 sollicitae
835 1189 1147 1266 exarant5exe1n·

127 1303 194 1406 ·pli
217 1305 354 1405 gratia,
378 1307 414 1382 de
439 1307 579 1382 cautiore
603 1305 788 1397 Muciana,
810 1305 848 1378 dr
876 1307 1060 1378 candidiore
1083 1303 1172 1400 Ju·=

68 1441 70 1446 '
142 1431 318 1522 amttam,
355 1430 457 1506 nobit
487 1429 815 1529 denuopropin'et,
847 1428 903 1505 sed
936 1451 992 1514 tas
1015 1425 1150 1526 placida

141 1577 230 1653 pace
254 1556 458 1654 compofitar
490 1579 570 1632 curn
593 1555 756 1632 srmilibus
779 1558 985 1656 collegarum
1013 1553 1151 1630 suornm

141 1678 429 1780 disputationibus
453 1684 637 1760 blattarum
670 1683 909 1784 tinearumque
940 1681 1055 1781 epulas
1079 1678 1151 1755 esse

139 1808 303 1906 patiatur.
352 1785 357 1792 ⁸
405 1809 456 1884 H.
510 1807 573 1888 W.
686 1805 688 1810 ’

85 2025 91 2036 ,
560 1963 593 2028 G
641 1959 673 2030 ri
720 1963 754 2032 ’d

190 2064 305 2168 Quum
325 2061 398 2162 janu
415 2057 522 2141 finem
543 2061 816 2174 imposuissemus
838 2059 920 2142 huic
942 2049 1151 2162 scriptioni.

140 2187 247 2278 tristia
268 2189 475 2292 sane-atque
499 2189 667 2266 luctuosus
690 2213 754 2266 nos
774 2191 922 2290 perculit
946 2189 1086 2266 nuntius
1109 2187 1153 2259 de

139 2317 242 2393 obitu
275 2319 370 2396 Petri
394 2313 580 2394 Burmanni
616 2313 778 2388 Secundi.
809 2315 890 2386 *De
919 2337 989 2410 quo
1018 2312 1094 2387 casu
1118 2329 1158 2384 ot

127 2463 186 2517 ¹rte
202 2459 392 2536 taceantur,
409 2461 488 2520 cum
505 2436 619 2512 noster
638 2457 701 2513 nor
726 2435 823 2536 cogit
838 2437 959 2526 dolor,
985 2437 1081 2532 cujus
1101 2453 1156 2510 ett
1296 2467 1297 2472 Ν

140 2563 275 2660 inipso
303 2568 375 2659 eJot
406 2563 740 2638 commemoratione
761 2562 898 2662 aliquod
923 2562 1081 2642 solatium
1114 2587 1156 2636 ac

140 2692 322 2765 levamen:
355 2705 428 2764 turn
453 2686 636 2786 provincia
667 2685 782 2764 nostra
804 2687 973 2786 postulare
1000 2677 1159 2780 videtur,

144 2815 239 2914 cujus
267 2833 346 2913 part
369 2831 451 2904 ett,
489 2814 656 2890 derebus
686 2831 757 2889 tatu
791 2814 937 2892 aduersu
956 2841 1056 2918 quam
1081 2827 1163 2914 pro·

141 2937 251 3040 sperit
267 2959 309 3012 ex
331 2936 468 3012 literata
492 2931 638 3014 civitate
657 2941 800 3021 referre.
830 2938 896 3017 ·Et
913 2963 1000 3018 vero
1022 2956 1170 3040 eugen-1
1279 2993 1284 3003 -

141 3067 218 3144 vina
241 3087 304 3139 noa
325 3061 446 3136 affecit
480 3063 540 3139 hic
565 3067 734 3155 nuntius,
781 3091 850 3164 quo
884 3070 995 3168 magio
1021 3057 1158 3170 practer
1198 3101 1206 3120 ³

141 3191 238 3290 spem
257 3207 373 3288 atque
406 3186 698 3286 exspectationem
731 3192 832 3268 nobis
874 3197 1013 3275 accidit.
1063 3193 1159 3270 Nam

74 3329 78 3340 '
142 3319 206 3394 vix
221 3337 327 3390 annus
350 3329 423 3388 etat
438 3335 482 3388 ex
498 3337 568 3414 quo
584 3317 620 3390 se
639 3340 782 3392 munere
798 3320 1011 3394 Burmannus
1026 3317 1162 3419 profes·

90 3469 92 3476 ⁴
140 3444 234 3522 sotio
272 3440 512 3533 abdicaverat,
553 3457 678 3540 atque,
721 3445 961 3522 honestisfimo
989 3441 1163 3544 stipendio

142 3567 262 3646 audeus
292 3569 336 3644 ab
365 3567 482 3667 Ampi.
508 3564 683 3645 Athenaei
706 3571 941 3660 curatoribus,
975 3569 1010 3646 se
1038 3591 1082 3649 ex
1107 3589 1163 3646 ut·

144 3693 307 3771 bonarum
338 3719 453 3772 rerum
473 3694 820 3796 ¹occupatiorrumque
845 3697 1009 3777 molestiis
1034 3699 1071 3774 in
1097 3699 1161 3774 uil-

141 3817 209 3896 lam
223 3819 324 3897 Tuam
353 3817 643 3900 Santhorstianam
668 3823 906 3902 &literatum
939 3826 1053 3902 otium·
1075 3848 1159 3901 con·

139 3947 274 4026 tulerat.
327 3945 382 4026 lbi
396 3947 533 4046 demum
554 3973 672 4030 votam
683 3953 745 4033 fibi
760 3952 873 4031 vitam
886 3949 1001 4028 nadiot
1018 3949 1161 4029 videba-

1082 4099 1158 4170 tur,
