2904 5248
19 451 21 498 ⁵
137 551 139 564 ·
252 571 260 584 .
371 481 1260 632 42‘nrrntncrnrourounuc.
1342 566 1346 574 ·

361 677 485 802 ‚pressa
509 693 590 772 esse.
617 691 808 792 1t2que'vel
830 686 866 762 in
882 687 1099 784 praefatione
1115 695 1287 794 pollicitus
1302 709 1377 792 eut,¹

19 799 21 806 '
141 845 143 852 ,
238 921 241 926 Ι
365 847 496 910 novam
516 823 550 898 se
571 818 782 922 propediem
800 814 992 894 editionem
1015 817 1184 898 daturum.
1235 823 1374 926 Quodfi

369 946 564 1038 iecerin&
581 945 646 1022 suis
655 945 716 1042 ‚dt
729 965 868 1042 eorum,
884 944 942 1044 qui
959 944 1053 1024 hunc
1066 949 1191 1026 librum
1207 969 1371 1045 emerunt,

315 1113 320 1129 ·
362 1075 553 1154 rationibus
571 1073 660 1150 haud
677 1070 809 1172 optime
828 1071 1048 1150 consuluerit.
1064 1075 1221 1153 Omnino
1239 1076 1370 1175 unicam

363 1224 428 1292 uos
450 1202 608 1280 videmus
632 1201 706 1298 ejus
719 1198 914 1292 medelam,
939 1200 1050 1292 hanc,
1065 1219 1114 1276 ut
1137 1198 1211 1300 ipse
1225 1184 1370 1292 Ronmoi

279 1307 283 1315 ’
361 1347 421 1418 aar
449 1330 499 1404 cr.
528 1325 747 1418 aruncius,
772 1325 930 1402 codicem
959 1327 1149 1404 aunuum
1180 1305 1368 1428 describat,

361 1472 507 1558 errorque
529 1453 614 1532 ficut
629 1475 701 1548 eit,
726 1477 804 1532 cum
820 1451 900 1552 iptio
916 1450 1033 1543 vitiis,
1059 1453 1153 1528 nullo
1166 1475 1263 1530 novo
1278 1455 1368 1532 ordi·

358 1603 404 1666 ne
424 1579 595 1673 indubio,
621 1583 795 1662 exhibeat.
843 1581 899 1654 Ita
920 1596 1057 1676 quartus
1080 1577 1204 1656 existet
1231 1598 1369 1674 tomus,

356 1706 466 1808 trrbtu
483 1706 656 1804 prioribus
671 1707 816 1782 multum
831 1704 1102 1802 praeferendus:
1127 1704 1165 1780 δι
1180 1707 1369 1788 Brunckiut

356 1831 513 1934 perieiia
525 1829 678 1944 ,editoris
694 1830 794 1906 laude
812 1830 1049 1908 cumulabitur.
1102 1830 1198 1906 Nam
1219 1827 1258 1905 ἃ
1278 1833 1373 1915 banc

207 2051 210 2065 ¹
355 1963 551 2050 editionem
574 1959 642 2034 iuis
663 1958 737 2056 ipse
761 1955 928 2034 sumtibus
942 1955 1021 2032 fieri
1046 1954 1204 2048 curavit,
1221 1958 1373 2056 egregio

356 2083 535 2173 literatum
558 2103 677 2155 aurore
701 2105 712 2154 ε
736 2105 851 2176 neque
878 2081 912 2152 ei
931 2082 995 2154 ulia
1012 2081 1149 2156 externi
1165 2084 1270 2160 cuitus
1284 2110 1375 2192 para

354 2208 464 2284 deest.
515 2204 701 2300 Typorum
736 2203 813 2281 sunt
842 2205 1017 2302 elegantes
1049 2204 1217 2301 formae,
1249 2211 1374 2293 charta

351 2330 484 2424 nitida,
510 2348 691 2424 operatum
708 2327 796 2402 vitia
811 2328 912 2402 valde
927 2355 1055 2427 pauca:
1081 2333 1245 2430 quaedam
1262 2337 1375 2420 etiam

278 2521 279 2526 ,
351 2456 510 2554 exempla
537 2454 574 2530 in
604 2469 742 2550 quartae
771 2452 905 2528 formae
927 2456 1045 2534 charta
1074 2457 1151 2533 sunt
1185 2461 1377 2558 expressa,

352 2605 440 2684 quoe
460 2581 527 2658 suia
551 2577 624 2678 ipse
648 2577 757 2656 usibus
779 2575 966 2667 reservavit
995 2581 1125 2675 editor,
1151 2607 1378 2685 quorumque

349 2711 513 2794 nonnulla
545 2705 626 2788 viria
652 2703 765 2782 uouit
786 2707 843 2782 vel
871 2703 992 2781 amicir
1018 2711 1062 2781 ab
1085 2731 1129 2782 eo
1149 2710 1242 2790 dono
1266 2716 1383 2794 missa

349 2837 555 2924 audivimus.
603 2833 765 2932 Denique
786 2831 861 2930 ipse
883 2833 976 2908 valet
989 2851 1114 2930 magna
1129 2830 1292 2932 variaque
1308 2839 1379 2916 do·

352 2955 483 3050 ditiori
508 2979 710 3057 quamquam
735 2979 806 3032 non
826 2975 944 3054 parata
965 2957 1023 3030 iila
1037 2973 1139 3053 atque
1153 2955 1287 3056 digesta
1303 2987 1377 3061 pet

301 3155 309 3194 .·
329 3089 457 3164 .librot
473 3083 760 3172 adversariorum,
785 3107 871 3178 quoa
888 3081 923 3156 se
946 3083 1057 3158 nullos
1072 3083 1218 3177 habere,
1233 3087 1374 3170 alicubi

354 3219 425 3294 eit:
452 3233 525 3288 tum
543 3207 722 3307 ingenium
742 3206 846 3283 habet
865 3207 966 3309 sagax
988 3209 1024 3284 in
1038 3209 1221 3286 odorandis
1240 3212 1370 3307 vitiis,

352 3347 455 3441 atque
472 3337 604 3417 sensum
618 3330 820 3428 venustatis,
840 3332 1037 3430 praesertim
1055 3337 1377 3435 poeticae‚acrem
1433 3363 1434 3402 t

351 3491 393 3542 ac
417 3467 588 3554 limatum,
614 3460 833 3536 metricorum
857 3461 961 3538 etiarn
984 3462 1156 3538 rationum
1177 3461 1375 3548 scientiam

348 3591 439 3670 baud
456 3591 643 3690 vulgarem.
695 3586 811 3687 Quare
830 3611 898 3686 quo
917 3589 1027 3687 magis
1049 3588 1109 3662 hos
1129 3589 1259 3689 ingenii
1272 3591 1378 3664 iite-

283 3729 298 3743 “
350 3741 529 3816 rarumque
557 3715 671 3790 laudes
694 3712 730 3786 io
763 3711 898 3790 editore
932 3711 1064 3788 exstare
1086 3713 1276 3808 videmus,
1316 3739 1378 3794 eo

351 3843 462 3946 magia
481 3844 653 3935 dolemus,
675 3840 780 3939 ipsam
795 3841 983 3920 editionem
992 3863 1057 3920 una
1070 3841 1138 3922 hac
1151 3843 1377 3947 diligentiae

304 4037 307 4044 .
346 3949 617 4070 sn'ceriutisque
634 3969 731 4048 laude
748 3989 876 4046 carere.
1312 4073 1320 4122 1

1205 4215 1380 4325 Α’χιλ-
