2964 5252
358 435 403 514 32
494 403 1251 497 runrrrnrsrrroonnrrln

346 607 434 677 tat,
467 611 548 662 num
571 613 657 664 vana
679 587 719 664 fit
735 587 851 686 opinio
879 588 925 662 de
954 592 1107 666 Deorum
1131 594 1382 692 providentia,

346 701 404 797 ,Ἢ
418 697 533 810 ,δόξαν
557 693 685 786 dnum
703 693 797 786 ‘tilde
818 697 1018 784 κεκτῆσθαι
1038 699 1176 798 patirum
1209 723 1377 798 modeste

288 911 292 923 ,
344 849 554 949 ‚proponitur
572 849 737 926 correffio
756 899 792 922 ,.
814 831 916 946 digno
937 831 1061 921 αὐτοὺς
1084 833 1193 931 virdo.
1215 849 1268 925 V.
1286 857 1372 941 528·

349 969 425 1082 ’t'p'itr
455 965 544 1083 >t²¹tl
569 973 658 1058 παῖς
690 969 902 1080 Ἀχιλλέως
936 972 1031 1068 Xodt
1060 979 1188 1068 ieviter
1219 976 1368 1086 accepi,

349 1111 453 1189 dotte
489 1113 688 1188 vindicatur·
715 1113 914 1211 fignificatio
947 1117 1111 1210 fundendi
1150 1127 1254 1199 verbo
1284 1115 1359 1225 ῥεῖι.

351 1241 400 1316 V,
409 1261 492 1331 555,
504 1297 507 1304 ,
520 1218 658 1320 inolent
679 1219 777 1322 lora,
812 1238 905 1312 malit
922 1220 1128 1319 donario:
1163 1249 1278 1350 inquo
1289 1279 1356 1334 120,

345 1378 388 1452 ab
410 1399 454 1450 eo
480 1375 699 1453 dissentimus.
727 1377 776 1453 V.
794 1401 877 1470 592.
907 1359 1039 1450 Oiluwt
1076 1359 1193 1474 vluit,
1243 1375 1270 1456 ti
1305 1382 1355 1482 γἰῖ

346 1491 407 1605 μὲν
426 1494 547 1607 martir,
584 1503 751 1610 τυχοῦσα
770 1501 884 1607 καιροῦ
904 1496 1022 1600 lello,
1041 1501 1077 1587 ὦ
1099 1509 1222 1622 faxi,
1238 1508 1349 1619 φέρεις

344 1657 389 1714 ex
414 1637 464 1712 his
489 1643 601 1716 verbis
625 1635 824 1715 sententiam
848 1639 883 1715 in
908 1633 1063 1719 Hecuba
1085 1648 1140 1724 sua
1158 1657 1350 1750 expresfisse

343 1763 481 1840 videtur
507 1767 632 1842 Accius
657 1763 745 1862 apud
770 1761 965 1838 Ciceronem
997 1769 1104 1872 Tusc.
1127 1779 1183 1868 ll,
1207 1803 1240 1870 5.
1273 1785 1346 1860 Prt-

340 1895 401 1967 boe
422 1891 480 1988 etst
502 1899 535 1966 in
550 1895 693 1992 segetem
711 1891 791 1992 sunt
817 1893 995 1968 deteriorem
1017 1897 1114 1974 datae
1135 1903 1270 2002 Fruges,
1293 1929 1340 1984 ta.

340 2039 410 2094 rnen
429 2020 514 2118 ipsae
529 2019 647 2120 suapte
671 2026 800 2097 enitent.
971 2113 974 2121 A

388 2147 541 2236 Ancilla,
568 2169 653 2244 quae
669 2163 827 2241 aquatum
844 2143 988 2241 abierat„
1014 2152 1121 2243 redit,
1140 2155 1249 2234 secum
1265 2185 1339 2261 pos.

339 2288 413 2346 tans
430 2269 587 2369 Polydori
602 2293 744 2366 corpus,
768 2269 859 2366 quod
875 2269 908 2344 in
926 2273 1040 2380 liytore
1051 2279 1195 2374 ejettum
1212 2309 1341 2384 repere.

337 2413 418 2486 rat3
451 2393 581 2492 quaerit
610 2395 801 2470 Hecubam.
862 2392 962 2471 Haec
994 2419 1111 2494 potans
1144 2410 1337 2506 Polyxenae

337 2543 463 2618 corpus
484 2522 525 2592 ab
549 2519 663 2593 ancilla
684 2519 871 2617 adportari,
897 2543 970 2598 eam
992 2524 1159 2626 increpat,
1175 2556 1255 2608 mox
1279 2535 1328 2609 in·

332 2646 485 2744 telligens
501 2645 588 2718 aliud
610 2643 775 2744 quidesse
791 2645 883 2742 quod
897 2647 1086 2741 adferatur,
1110 2674 1236 2730 metum
1254 2683 1334 2755 pau·

328 2771 422 2846 latim
448 2769 598 2868 concipit
623 2769 666 2843 de
692 2761 893 2865 Cassandra,
932 2775 1018 2853 hanc
1033 2801 1179 2878 ‘quoque
1202 2781 1336 2858 interfe-

327 2875 417 2970 &arn
452 2894 522 2969 esse
546 2895 738 2994 suspicans:
769 2918 843 2974 tum
873 2907 1047 2982 evolutum
1079 2911 1122 2983 ab
1152 2907 1263 2983 ancilla
1287 2931 1331 2986 ex

326 3019 509 3096 involucris
525 3019 727 3119 Polydorum
746 3013 954 3123 conspicata,
981 3053 1110 3108 terrore
1125 3033 1329 3134 percellitur,

323 3201 349 3242 „
373 3145 480 3234 Vah,
515 3147 652 3243 inquit,
687 3150 845 3246 Polydori
868 3153 971 3230 video
1003 3162 1155 3258 corpus!
1186 3160 1327 3236 Adeone

322 3292 443 3346 verum
470 3270 536 3344 fuit
565 3271 758 3348 somnium?
773 3273 794 3302 '²
849 3279 959 3353 Dolor
985 3283 1056 3382 ejus
1077 3285 1248 3384 proximru
1274 3303 1330 3359 est

318 3393 489 3485 insanioe3
537 3399 632 3496 eujus
653 3400 860 3499 'fignificatio
892 3424 945 3478 est
975 3413 1079 3484 etiarn
1106 3413 1142 3488 in
1175 3413 1329 3490 versuum

294 3529 298 3538 '
318 3517 443 3610 modo,
465 3520 509 3594 ad
531 3547 631 3618 quem
655 3549 732 3603 cum
758 3531 940 3631 antiquitus
963 3535 1142 3611 accederet
1171 3541 1321 3616 tibiarum

320 3665 438 3721 cantus
465 3670 542 3720 cum
567 3651 723 3745 afflone,
755 3675 830 3733 tum
853 3657 987 3735 demum
1015 3663 1069 3738 vis
1091 3665 1165 3761 ejus
1184 3667 1325 3741 affetlua

317 3773 508 3870 apparebat.
555 3777 758 3872 Supervenit
776 3783 1011 3881 Agamemnon
1032 3789 1102 3888 ipse
1116 3789 1323 3865 deducturus

319 3897 534 3984 cunctantem
557 3901 739 3990 Hecubam
769 3905 813 3992 ad
833 3909 921 3995 filiae
947 3911 1073 3998 duro:
1105 3915 1325 4016 interrogat,

1212 4043 1315 4144 quod?
