2964 5252
144 537 151 550 ·
265 437 989 584 ·rxnn1r..s.urusonnv1n
1096 539 1140 589 ιι

134 682 179 756 etl
205 677 343 756 Achillis
373 677 537 752 tumulum
563 675 727 754 maflare!
742 675 761 704 ”
796 678 984 786 Polyxepa,
1007 703 1139 779 praeter

130 805 327 902 opinionem
355 804 492 904 minime
515 803 632 878 territa
662 802 730 879 hot
760 804 909 894 nuncio,
929 827 997 880 non
1021 805 1137 902 suam,

133 928 192 1004 sed
207 929 473 1020 nutris,sortem
485 927 604 1025 plorat
629 985 653 1020 „
663 927 789 1027 Igitur,
816 927 1025 1026 inquit,1ne
1054 957 1137 1031 quo·

133 1075 200 1147 que
223 1053 284 1128 tibi
307 1053 419 1130 aufert
446 1055 563 1146 infelix
590 1076 651 1130 tua
674 1053 763 1145 sors,
796 1077 819 1127 0
842 1055 988 1146 Mater,
1027 1079 1137 1155 neque

130 1199 187 1254 ure
211 1179 503 1278 ampliuslranebis
529 1181 699 1257 servitutis
725 1179 863 1256 sociam:
890 1179 941 1256 tui
963 1205 1019 1256 nre
1041 1183 1138 1257 mise-

131 1323 208 1392 ret,
232 1327 302 1382 nou
326 1307 412 1380 mei:
437 1331 514 1382 nam
529 1307 622 1382 vitae
642 1308 727 1382 adeo
742 1329 811 1382 non
833 1307 905 1381 sum
928 1307 1072 1406 cupida,
1098 1326 1139 1382 ut
1187 1379 1198 1409 ,

127 1429 280 1504 mortenr'
309 1429 345 1506 in
378 1455 498 1530 magna
532 1431 694 1508 felicitate
727 1433 884 1532 ponam.’'
933 1437 996 1508 Per
1025 1451 1140 1508 totum

132 1555 225 1629 hunc
243 1557 355 1630 locum
377 1559 493 1632 matris
513 1556 666 1658 filiaeqpe
681 1559 816 1658 ingenia
837 1557 880 1632 ad
894 1555 1013 1634 vivum
1029 1559 1141 1656 expri-

132 1698 291 1769 muntur,
316 1705 393 1755 curn
420 1681 574 1772 ustione,
607 1701 681 1760 tum
705 1685 857 1759 oratione
880 1684 1004 1773 etiarn,
1039 1707 1140 1780 quarn

134 1805 269 1882 difficile
289 1805 338 1880 est
357 1807 418 1880 alia
436 1823 574 1882 vertere
600 1809 732 1908 lingua,
757 1810 881 1888 nedum
901 1809 1043 1893 reddere
1068 1809 1141 1884 uni·

136 1931 233 2008 versa
258 1929 424 2026 ejusmodi
438 1927 676 2026 defignatione.
849 2011 853 2020 ⁸

160 2081 165 2146 ζ
186 2059 227 2131 In
242 2059 354 2132 verbis
369 2057 535 2134 Hecubae
553 2077 586 2129 v.
606 2077 663 2152 ῃ.
691 2052 783 2142 Εἶδον
798 2047 875 2166 γὲς
888 2049 1034 2167 φοβιςὲιι
1053 2043 1144 2157 ullu,
1262 2067 1267 2080 ’

135 2194 274 2292 corrigit
289 2195 429 2288 Editor,
448 2229 475 2276 ι.
495 2227 536 2293 γ.
565 2187 703 2298 pauper
720 2193 750 2274 ὅ.
819 2194 929 2286 q¹10d·
944 2213 1143 2290 quamquam
1246 2237 1258 2258 ν

135 2337 279 2392 nonest
303 2320 443 2410 malurn,
478 2337 589 2392 tamen
612 2338 682 2390 non
699 2315 876 2405 videmus,
902 2339 1003 2410 quare
1027 2294 1144 2412 uulga-

126 2459 174 2518 to
195 2445 307 2520 verius
322 2444 503 2542 judicetur.
554 2442 608 2513 Ex
632 2439 738 2509 tribus
757 2439 905 2531 verlrbus
921 2461 990 2527 90,
995 2460 1040 2528 91
1053 2459 1141 2528 ‚92‚

134 2565 207 2642 duo
227 2569 476 2644 constituuntur
499 2557 636 2634 heroici.
663 2561 711 2635 V.
736 2570 815 2642 118.
841 2543 986 2628 Πολλῗις
1013 2539 1144 2653 l'l'grclot

134 2679 295 2760 curemur
332 2672 490 2770 ululet,
529 2705 694 2778 reponere
737 2703 847 2763 tentat
914 2669 1095 2760 ourt'rrurur
1129 2745 1143 2783 ,

133 2839 174 2894 ut
189 2822 378 2918 conjecerat
389 2819 457 2915 jam
474 2819 599 2892 Exere.
611 2815 666 2905 Il,
681 2837 711 2889 t.
735 2815 783 2892 V.
805 2843 892 2916 123,
910 2815 1070 2914 exqulfita
1088 2834 1142 2891 est

133 2955 326 3032 observatio
349 2956 393 3034 de
422 2957 530 3030 verbo
553 2945 712 3060 ἀνέχειν,
747 2957 953 3055 fignificante
981 2959 1141 3032 honorare.

137 3087 188 3168 V.
209 3097 288 3191 164.
307 3139 349 3158 -
372 3091 441 3180 ποῖ
465 3091 501 3179 θ’
525 3083 617 3186 ἦσιις
655 3090 727 3170 ποῦ
760 3125 812 3178 τις
840 3091 911 3174 θεῶν
937 3078 987 3170 ”H
1015 3083 1144 3194 δαίμων

135 3230 196 3348 ἔφ’
222 3225 428 3342 ἔπιιςωγόὲι
448 3245 580 3342 elegans
597 3261 650 3315 est
669 3241 708 3320 ἃ
724 3259 824 3317 acuta
836 3243 1050 3341 conjellura,
1080 3227 1151 3312 ποῖ

134 3364 169 3468 l’
186 3349 252 3463 {luo
276 3359 374 3453 reolo
390 3411 399 3458 t
416 3365 472 3454 τίς
494 3358 581 3463 lule,
601 3355 651 3444 'li
674 3361 824 3462 δαίμων,
838 3371 891 3448 rol
911 3369 953 3450 ἔτ
970 3362 1141 3476 ’ἇςωγὸςς

135 3493 186 3571 V.
217 3501 285 3586 189
302 3531 337 3546 -
350 3515 445 3590 191,
471 3487 674 3570 construelio
704 3487 867 3592 impedita
899 3491 1047 3570 sollerter
1080 3513 1143 3566 ex·

140 3617 288 3726 peditur.

132 3725 137 3736 ⁴
177 3743 288 3823 Venit
305 3743 427 3818 Ulisses
443 3743 486 3819 ad
502 3745 701 3837 Hecubam,
718 3748 861 3846 exponit
874 3745 1049 3822 decretum
1063 3767 1144 3822 con·

138 3854 261 3960 tionis,
284 3869 373 3966 petit
395 3889 435 3948 ut
457 3873 663 3970 Polyxenam
683 3865 718 3945 ei
732 3869 857 3962 tradat,
879 3870 1061 3971 suadetque
1074 3894 1142 3952 ma÷

96 3987 110 4019 ⁸
138 3993 204 4090 tri,
226 4013 267 4072 ut
279 3987 463 4096 prudenter
476 3995 566 4077 hunc
579 3997 689 4076 casum
705 3995 811 4090 ferat,
834 3993 1144 4108 &neteslrtatlce-

623 4125 698 4222 133
815 4193 822 4210 ,
1078 4120 1147 4196 dat.
