2964 5252
361 499 428 576 1³2
479 466 872 546 nnnnnronns
903 460 1264 548 nnnvronnn.

267 703 268 708 =
409 655 546 734 XXVI.
578 653 636 748 Ju
662 653 740 729 Lud.
768 651 901 730 Conrndi
935 644 1137 747 Opuscuia'e
1155 652 1237 744 'jure
1274 653 1393 731 ciuili.

361 785 431 862 Vni
459 785 485 859 Ι.
512 785 643 863 Brumae
669 801 773 875 1777.
801 787 833 858 8.
859 784 996 886 p-366.⁴
1033 774 1104 878 Qui
1117 775 1206 871 juris
1221 773 1394 852 studium

363 932 442 988 eum
464 906 506 981 iis
530 908 677 1000 litteris,
718 925 803 1001 quae
823 900 866 978 ad
890 897 1138 984 humanitatem
1165 901 1389 1000 pertinent,

362 1035 576 1132 conjungant
588 1085 601 1124 ,
628 1056 747 1108 eorum
771 1029 890 1107 mimm
912 1023 1018 1102 hodie
1039 1028 1248 1129 paucitatem
1269 1028 1371 1123 esse,

361 1160 458 1238 inter
473 1181 594 1236 omnes
615 1161 751 1234 constat.
814 1156 930 1258 Quum
954 1152 1047 1240 enim
1071 1154 1246 1232 neminem
1264 1181 1378 1254 prae·

363 1305 499 1379 terent,
532 1309 617 1380 eor,
652 1281 710 1382 qui
739 1279 899 1374 Aiciati,
931 1277 1143 1378 Augustini,
1177 1280 1371 1374 Brissonii,

322 1411 326 1422 '
364 1414 528 1514 CuJacii,
562 1408 715 1488 Duareni
738 1405 883 1504 vestigia
909 1403 1181 1504 persequuntur,
1213 1409 1303 1484 solos
1324 1409 1366 1486 in

358 1541 487 1620 scholis
509 1535 683 1636 relinqui,
715 1535 870 1633 nullaque
894 1532 968 1608 fere
991 1529 1035 1604 iis
1063 1532 1207 1628 praemia
1228 1557 1371 1632 propo·

360 1670 398 1746 ni
414 1695 427 1759 3
450 1691 510 1744 ens
537 1686 656 1744 contra
681 1662 739 1762 qui
761 1661 808 1735 nil
823 1659 886 1736 nisr
901 1655 998 1732 usum
1014 1656 1184 1734 forensem
1201 1677 1372 1758 erepant,

360 1793 589 1894 ineptisfimos
612 1789 856 1887 saepenumero
879 1780 1155 1877 homunciones,
1191 1806 1296 1886 caput
1317 1785 1372 1868 ef·

361 1922 456 1998 ferre
470 1977 484 2031 η,
518 1938 621 2020 atque
653 1920 690 1994 in
724 1911 821 1991 omni
847 1932 958 1990 rerum
986 1909 1192 1989 abundant-in
1223 1915 1366 2008 vivere,

257 2119 266 2126 .
303 2069 310 2082 “
358 2051 463 2126 facile
487 2047 537 2120 est
561 2044 602 2120 ad
628 2040 912 2141 intelligendum,
940 2019 1243 2137 jurisprudentiam
1268 2035 1367 2138 Cujm

359 2174 492 2250 cinnam
519 2170 685 2268 abjeeinm
709 2187 811 2266 atque
837 2163 1039 2264 prostratam
1057 2167 1175 2263 iacere
1187 2221 1203 2260 ,
1227 2166 1367 2243 frustra,

359 2321 427 2398 que
452 2319 555 2395 opem
578 2293 617 2372 ἃ
640 2293 803 2370 auxilium
826 2289 912 2388 juris
933 2289 1156 2370 studiosorum
1170 2293 1361 2390 implorare,

360 2427 460 2528 Quae
483 2443 586 2523 quum
611 2418 659 2494 ita
682 2419 774 2509 sunt,
808 2418 965 2516 ungulari
987 2415 1146 2498 nabin&
1172 2422 1359 2518 praecipua

358 2550 502 2656 quadam
526 2546 625 2623 laude
652 2545 750 2654 digni
770 2543 958 2633 videntur,
990 2543 1047 2642 qui
1065 2543 1183 2641 maiori
1204 2546 1352 2644 quodum

357 2677 490 2792 impetn
516 2673 684 2750 concitati
709 2695 752 2746 ex
777 2671 897 2746 misera
914 2664 1223 2770 pragmaticorum,
1244 2670 1283 2744 id
1307 2687 1359 2756 err

357 2827 504 2892 eorum,
536 2799 595 2898 qui
625 2799 810 2876 contemtis
841 2816 943 2896 atque
966 2797 1174 2896 posthabitis
1206 2791 1361 2884 omnibu

356 2929 456 3006 bonis
481 2925 633 3014 litteris,
667 2923 710 3006 ad
734 2921 892 3016 Maeuii,
930 2926 1145 3019 Menochii,
1172 2923 1358 3016 Muscardi,

354 3053 635 3144 Brunnemanni,
678 3051 862 3149 Curpzovii
900 3053 1074 3131 volumina
1122 3073 1279 3154 tanquam
1312 3051 1353 3134 nd

353 3180 471 3260 sanum
494 3175 757 3268 adhaerescunt,
783 3179 882 3255 turba
905 3179 941 3254 se
963 3179 1138 3280 eripiunt,
1167 3199 1354 3279 magnoque

352 3309 495 3396 animo,
528 3305 749 3401 quaecunque
774 3305 913 3382 tandem
935 3328 975 3382 ur
998 3307 1066 3400 fit,
1100 3305 1282 3394 fortunam
1305 3303 1358 3390 iu·

146 3423 148 3431 ’
270 3437 273 3440 ’
351 3439 472 3514 heunt.
530 3429 688 3532 Quorum
719 3431 756 3508 in
789 3456 967 3510 numerum
987 3435 1065 3532 iure
1088 3433 1283 3530 meritoque
1305 3452 1361 3504 re·

350 3557 529 3636 ferendum
555 3557 626 3632 esse
650 3557 704 3654 Jo..
732 3559 818 3651 Luni
835 3561 1065 3652 Conradium,
1083 3621 1088 3636 ,
1094 3559 1183 3657 juris
1205 3561 1244 3636 in
1267 3561 1360 3646 Aea·

278 3737 280 3742 -
348 3685 461 3761 demin
487 3681 730 3780 Marburgenn
756 3687 1039 3780 Antecessonem,
1062 3685 1101 3766 ἅ
1122 3687 1250 3774 litteris,
1272 3687 1363 3768 mul·

348 3835 464 3901 torum
487 3806 526 3894 ἀ
550 3801 640 3880 fama
663 3805 810 3908 denique
827 3811 899 3910 ipsa
914 3815 1120 3912 accepimus.
1169 3813 1232 3890 Est
1247 3831 1365 3890 autern

347 3941 385 4016 in
419 3963 462 4014 eo
493 3933 571 4028 viru
611 3930 790 4038 ingenium
821 3939 1019 4038 excellens,
1050 3939 1221 4038 judicium
1256 3962 1365 4030 acre,

346 4065 452 4158 uulta
476 4057 670 4156 industria,
697 4073 817 4154 utros
840 4061 978 4162 quiden
1008 4064 1148 4166 dignun
1163 4065 1221 4168 hu
1250 4065 1362 4158 laudiv

1290 4193 1356 4286 bur
