2904 5248
165 485 335 576 busun.
360 482 589 618 nuutrrt
615 483 692 578 un.
720 453 995 582 urrunnutls'.
1052 524 1103 605 at

96 677 175 768 ‚Sola
198 675 284 750 haec
305 668 523 770 opprimebat
549 667 713 771 quidquid
740 689 812 748 erat
826 673 950 750 urcium
968 665 1100 754 utillud·
1130 720 1135 731 =
1160 655 1164 666 ⁸

6 861 8 870 .
93 823 253 890 marum,
284 798 340 872 vel
373 795 552 872 doiirinae
579 795 812 895 elegantioris.
869 801 906 874 Si
933 800 1099 896 quivero

94 925 236 1016 modici,
254 943 312 998 aut
320 943 436 1014 erant,
450 941 510 998 aut
524 924 732 1000 habebantur
747 979 758 1016 ,
783 923 822 998 hi
836 921 873 1000 in
890 923 1025 1007 Corano
1040 954 1104 1010 ex.

90 1049 249 1158 plicando
264 1051 506 1130 &illustrando
520 1051 668 1158 {ludium
683 1050 778 1128 suum
793 1073 896 1126 ornne
912 1055 1101 1150 ponebantt
1173 1139 1176 1144 ,
1279 1093 1288 1109 ·

8 1250 17 1263 ,
90 1179 129 1254 ln
153 1179 245 1257 banc
269 1199 364 1254 certe
390 1199 540 1256 aetatem
561 1179 708 1272 incidit,
731 1197 851 1281 estque
877 1179 1004 1258 rationi
1035 1183 1101 1281 lro·⁸

24 1377 27 1386 .
92 1327 168 1378 rum
200 1323 395 1406 temporum
427 1308 571 1384 omnino
599 1307 895 1404 consentaneum,
919 1299 1013 1407 quod
1050 1310 1097 1386 de
1132 1377 1139 1388 .

87 1432 237 1522 Omaro,
266 1432 415 1542 secundo
436 1454 516 1533 post
542 1435 834 1542 Muhammedem
859 1433 1097 1534 imperatore,¹

82 1557 230 1634 relatum
250 1558 424 1656 legimus,
453 1557 514 1662 (*)
541 1561 599 1660 qui
623 1563 757 1638 Amruo
781 1547 887 1658 duci,
911 1587 991 1639 cum
1013 1564 1098 1640 Ale-

81 1685 261 1762 xandriam
279 1707 510 1786 ¹oppugnaret
539 1708 762 1788 peteretque,
788 1709 827 1764 ut
852 1689 1097 1772 nobilisfinum

66 1897 67 1918 χ
82 1811 156 1908 ejus
180 1814 273 1908 urbis
288 1815 537 1890 bibliothecam
555 1815 757 1890 conservare
775 1816 926 1906 liceret,
952 1838 1098 1918 eamque

81 1937 209 2037 Joanui
234 1938 432 2040 Philopono
458 1940 693 2016 Grammatico
724 1941 878 2033 donare,
912 1944 1094 2024 barbarum
1119 1941 1121 1952 ’

80 2061 151 2138 hoc
178 2062 375 2162 responsum
403 2091 467 2164 per
496 2068 612 2142 literas
647 2064 809 2140 mittebat
831 2091 844 2142 t
868 2072 907 2141 Sl
934 2071 983 2140 illi
1014 2033 1094 2170 liiri
1132 2069 1137 2082 '

76 2213 148 2264 cunr
159 2192 279 2266 Corano
296 2197 500 2287 convenient,
515 2219 566 2268 eor
576 2190 829 2290 strpernataneos
844 2191 968 2290 assatsi
980 2197 1091 2276 aliena

72 2320 257 2392 contineant
278 2364 299 2422 ,1
323 2319 433 2392 noxius
464 2343 477 2392 .·
510 2317 617 2414 daque
639 2343 743 2396 ornnes
766 2318 834 2413 essu
855 2321 1114 2400 comburendo:

70 2441 139 2516 Cui
154 2459 225 2516 tam
238 2441 369 2520 crudeli
383 2443 546 2534 mandato
563 2441 743 2532 obsecutus
752 2444 900 2514 Amruus
911 2443 1008 2536 jursrt
1024 2445 1088 2522 eo't

69 2590 134 2666 per
149 2568 271 2642 balnea
287 2568 440 2666 dispergi
449 2621 462 2660 ‚
488 2567 595 2640 uthis
612 2563 852 2638 calefaciendis
868 2565 1090 2653 inservirentt
1217 2679 1218 2682 Ἴ
1247 2572 1249 2578 ’
1270 2671 1277 2680 ,

68 2693 116 2786 Et
140 2693 274 2768 tametfi
306 2691 535 2764 Alexandriae
566 2711 610 2762 eo
640 2707 799 2785 tempore
829 2688 969 2767 circiter
1002 2710 1085 2794 qua·

68 2835 151 2908 tuor
173 2814 280 2890 millia
302 2813 512 2886 thermarum
530 2811 660 2903 essent,
685 2811 746 2888 vix
760 2833 949 2911 potuerunt
963 2819 1086 2903 omncs

67 2942 120 3018 illi
151 2939 230 3018 libri
254 2939 348 3014 intra
369 2935 546 3036 quinque,
570 2940 624 3014 vel
650 2937 731 3030 seu,
755 2939 888 3016 menses
912 2920 1081 3030 consumi.

55 3055 188 3158 ¹''l'anta
207 3064 319 3140 fuerat
338 3086 460 3164 regum
475 3061 730 3162 Aegyptiorum
746 3064 783 3140 in
806 3054 1080 3168 illiscongeren-

64 3191 119 3268 dis
150 3189 356 3293 diligentia,
390 3188 449 3262 sed
481 3207 579 3283 tanto
610 3191 716 3266 etiam
745 3211 818 3273 erat
851 3195 1092 3290 execrabiliott

66 3321 192 3396 Omari
211 3319 375 3409 saevitia,
398 3315 455 3390 vel
468 3312 605 3411 potius,
630 3315 836 3414 superstitio.

115 3441 221 3520 Pau'ci
234 3443 340 3542 igitur
355 3460 472 3532 erant,
489 3443 546 3540 qui
563 3445 738 3521 literarum
752 3446 871 3522 studiis
885 3449 952 3527 had
964 3469 1078 3534 aetate

62 3574 325 3660 incumberent,
349 3567 387 3644 dr
407 3568 451 3642 ab
475 3567 943 3676 eruditionesdodtrinaeque
958 3603 1079 3660 amore

64 3699 215 3798 aliquam
225 3697 291 3800 ¹libi
307 3695 456 3776 nominis
473 3695 598 3770 famam
614 3699 847 3780 conciliarent.

117 3791 186 3902 sed
203 3845 286 3903 unus
301 3821 471 3924 inprimis
485 3829 1080 3934 commemorandurnobitett,qui

1005 3961 1078 4043 ltoc
1133 3986 1138 3998 “

96 4129 367 4219 (⁴¹)2ubuphangtt
385 4125 458 4200 Hill.¹
476 4129 683 4212 Dymssllm,
701 4151 732 4212 p.
751 4139 820 4208 180,
841 4139 910 4214 181,
990 4193 993 4198 .
1127 4201 1143 4216 ,
