2956 5268
383 425 411 593 i
532 486 985 570 crenuours
1033 482 1290 564 ornan

438 671 543 751 Anno
568 652 692 748 aetatir'
713 639 981 752 decimosexto}
995 657 1102 734 sumta
1118 658 1210 738 virili
1233 679 1339 762 toga,
1363 661 1406 742 in

386 793 502 869 iorum
526 795 562 870 se
591 793 710 886 dedit,
734 767 947 885 studiumque
968 786 1134 888 ingressus
1156 805 1208 862 ert
1231 788 1405 886 eloquen-

354 899 359 912 ’
389 919 489 1013 tiae,
523 919 618 1018 cujus
639 919 778 1017 quidem
806 916 900 994 viam
928 915 968 994 ἀ
992 914 1082 1016 quast
1103 915 1226 1016 gradus
1249 911 1324 1011 ipse
1360 915 1402 990 in

388 1047 496 1136 Bruto
511 1043 695 1144 descripsrt.
809 1064 813 1072 ·

439 1176 534 1250 Nam
557 1195 636 1248 cum
657 1170 694 1246 in
719 1170 800 1246 foro
832 1171 1038 1254 summotum
1066 1185 1239 1280 oratorum
1266 1187 1407 1273 genera

391 1295 860 1400 cognosceret,.incredibili
882 1298 1034 1398 ejusdem
1054 1297 1161 1377 laudis
1185 1323 1304 1376 amore
1319 1325 1408 1400 per·

390 1427 499 1520 cussus
521 1426 571 1501 ita
586 1425 749 1500 oratorias
769 1424 1034 1520 exercitationes
1049 1425 1264 1524 suscepit,ut
1280 1428 1405 1528 quoti-

285 1623 297 1652 κ
389 1553 447 1628 die
477 1555 631 1652 legeret,
660 1551 849 1662 scriberet,
882 1551 922 1628 dr
946 1571 1245 1630 commemoretur.
1307 1551 1406 1650 Jurir

271 1750 274 1763 ,
388 1677 495 1754 etium
510 1679 623 1754 civilis
637 1677 792 1756 discendi
807 1673 943 1774 canusa,
960 1700 1091 1778 epatre
1109 1680 1151 1754 ad
1167 1682 1214 1787 Q.
1232 1677 1403 1753 Mucium

391 1805 569 1904 Augurem
584 1804 633 1880 ita
649 1823 722 1880 erat
737 1803 900 1880 dedudius
911 1803 1403 1904 ,ut,·quantumfieripocset,

390 1931 518 2008 asenis
541 1932 646 2008 latere
667 1956 853 2034 numquam
874 1929 1078 2010 discederet.
1128 1932 1403 2034 sequentianno

392 2054 584 2128 admirabili
605 2058 648 2128 ad
661 2057 917 2150 philosophiam
932 2053 1043 2128 studio
1057 2063 1249 2137 concitatus
1262 2079 1404 2154 ,totum

392 2177 428 2254 se
441 2177 537 2254 dedit
560 2173 717 2268 Philoni,
737 2176 888 2275 principi
902 2179 1133 2277 Academite3
1159 2187 1198 2265 dr
1213 2189 1404 2264 Molonem

392 2305 497 2380 etiam
506 2299 660 2377 adhibuit
669 2299 1192 2396 Rhodium,summumdicendi
1200 2315 1406 2416 magistrum

283 2448 285 2456 ¹
393 2428 610 2526 actoremque
639 2425 840 2512 caussarum.
890 2432 984 2509 Tum
1005 2443 1069 2532 per
1083 2438 1296 2534 triennium,
1332 2465 1407 2540 quo

394 2575 480 2628 unus
506 2550 543 2628 in
568 2553 650 2630 foro
671 2553 835 2653 regnabat
855 2555 1080 2656 martenum,
1106 2563 1178 2660 ejus
1206 2563 1319 2662 gloria
1344 2563 1408 2640 sti·

385 2680 560 2771 molatur,
577 2677 651 2759 diet
666 2679 850 2780 modicaque
862 2681 901 2760 in
919 2691 1073 2764 omnium
1086 2687 1339 2783 doctrinarum,
1369 2689 1414 2766 in

393 2803 514 2902 primia
549 2803 790 2904 philosophiae
821 2827 864 2882 ac
889 2811 1087 2890 dialediicea
1108 2811 1411 2886 commentatione

391 2931 610 3018 versabatur,
633 2927 721 3002 duce
742 2929 901 3007 Diodoto
916 2937 1058 3028 Stoico,
1081 2955 1184 3032 quem
1205 2934 1338 3032 semper
1354 2938 1410 3012 se·

238 3052 248 3075 ⁸
395 3080 474 3134 cum
499 3056 637 3132 babuit:
663 3056 774 3150 neque
795 3073 910 3132 tamen
934 3057 1018 3133 ullus
1040 3055 1113 3134 dies
1128 3079 1344 3138 vacuuserat
1361 3067 1409 3142 ab

369 3219 376 3240 x
394 3181 552 3260 oratoriis
571 3179 892 3261 exercitationibus:
910 3181 1045 3260 Graece
1059 3184 1272 3282 potirfimum
1288 3189 1409 3268 decla·

391 3310 538 3400 mabar,
577 3303 617 3380 dt
642 3305 849 3388 summorum
879 3311 952 3408 cjur
972 3310 1089 3412 gentis
1112 3313 1288 3390 nudorum
1308 3315 1406 3392 haud

391 3457 521 3532 paucos
544 3431 647 3510 libror
661 3436 784 3512 Latine
804 3439 971 3514 vertebat.
1021 3437 1127 3514 Anno
1139 3436 1260 3512 aetam
1278 3437 1411 3538 vigesu-

275 3557 294 3576 “
389 3587 454 3638 mo
486 3563 584 3638 sexto
615 3562 759 3662 primam
781 3561 869 3638 dixit
901 3563 1069 3662 privatam
1098 3561 1337 3664 consumpto
1364 3569 1408 3648 P.

395 3689 582 3792 Quinam,
612 3689 652 3766 dr
675 3687 828 3788 sequenti
849 3691 1021 3786 publicam
1042 3713 1107 3788 pro
1131 3693 1236 3770 Sexto
1262 3689 1406 3768 Roscio
1457 3749 1458 3758 t

393 3819 574 3898 Amerino.
628 3817 761 3920 Quibus
785 3815 996 3892 orationibus
1019 3841 1097 3896 curn
1122 3839 1240 3896 omnes
1259 3818 1405 3918 judicat·

393 3963 472 4020 rent
503 3943 678 4044 persediae
698 3947 769 4044 jam
790 3941 1002 4041 eloquentiae
1017 3943 1181 4022 virtutem
1203 3943 1405 4038 contineri,

394 4072 638 4173 Ciceronisque
661 4091 789 4156 nomen
820 4067 946 4169 ubique
978 4057 1234 4166 celebratorum
1257 4071 1318 4152 ille
1345 4093 1403 4148 ta·

1308 4222 1398 4280 men
