2986 5262
216 524 475 614 emuna
516 523 597 602 nn
633 499 1057 612 tumuerunt
1105 501 1159 632 43
1276 578 1278 589 .

150 715 251 794 tinne
285 711 468 790 celebrent.
531 707 733 787 Alcibiades
752 694 1155 812 'aecipit'eonditionem
1287 701 1295 744 '⁸

147 839 304 930 dicendi,
329 857 440 934 neque
455 851 573 926 tamen
586 833 631 908 de
643 833 730 928 alio,
755 837 812 911 vel
829 835 1044 915 homine'vel
1058 806 1166 938 Deo,¹

149 989 248 1066 qnam
263 964 307 1040 de
316 963 458 1038 Socrate
472 959 590 1036 dicere
604 961 692 1036 vult.
717 961 825 1038 Hunc
840 959 949 1062 igitur
964 963 1158 1060 ita‘laudat,
1176 997 1179 1002 ¹

148 1109 187 1166 nt
218 1091 257 1168 in
288 1090 457 1168 ebrietate
478 1086 538 1162 'nil
572 1083 635 1162 nili
666 1105 785 1160 verum
821 1090 1045 1188 pronuntiare
1077 1113 1157 1170 euro

146 1235 319 1318 appareat.
379 1213 555 1294 Describit
576 1211 707 1290 faciem
727 1214 799 1311 eius
817 1211 857 1290 de
871 1217 1031 1310 vultum,
1055 1215 1183 1318 quein⁴

147 1367 228 1422 cum
258 1345 383 1422 Silenis
415 1357 602 1440 comparat.
652 1341 694 1414 Iu
723 1339 797 1437 ejus
826 1341 948 1418 ironia
968 1363 1094 1443 quanta
1117 1343 1161 1420 lit

146 1472 315 1572 sapientia
344 1465 384 1546 du
410 1464 606 1568 eloquentia
631 1465 763 1560 docet,
796 1466 1000 1567 patientiam
1022 1467 1064 1546 δι’
1084 1473 1159 1546 for·

145 1596 331 1674 titudinem
355 1571 396 1672 in‘
416 1591 540 1670 multia
562 1591 700 1685 laudat,
721 1593 948 1691 immortua,
973 1597 1018 1673 ue
1042 1596 1094 1672 sot
1118 1575 1158 1676 u
1224 1611 1227 1621 ·

145 1725 294 1800 aliorum
335 1725 504 1822 juvenum
550 1719 756 1820 disciplina,
804 1721 986 1819 praedicat
1025 1723 1161 1800 merita

48 1859 54 1868 '
147 1849 329 1925 Praeterea
356 1849 428 1940 ejus
451 1843 621 1921 sanititati
645 1844 682 1919 iu
711 1869 828 1921 amore
854 1845 1074 1922 elatiafimnm
1099 1843 1163 1924 dat

109 1997 117 2022 ·
147 1969 408 2064 testimonium,
432 1971 535 2070 seque
556 1972 745 2045 asoerate
767 1991 839 2048 non
865 1970 962 2047 seem
984 1997 1027 2048 ac
1051 1972 1162 2050 filium

145 2119 166 2171 a
189 2113 290 2192 patre
315 2112 462 2170 amatum
485 2091 556 2166 effe
575 2089 748 2168 adfirmat·
801 2093 896 2168 Mox
917 2093 977 2168 alii
1002 2093 1161 2194 superve-

143 2219 246 2298 niunt
272 2219 528 2310 comissattoree,
554 2216 664 2292 turbio
682 2219 833 2316 repletur
849 2218 1071 2314 convivium,
1093 2247 1158 2322 pn·

144 2345 403 2451 tatur„re1iqui
425 2343 591 2445 paulatim
614 2345 672 2420 vel
697 2343 839 2422 domum
862 2345 1066 2442 diseedunt3
1098 2353 1156 2427 vel

143 2469 196 2548 ibi
225 2491 403 2549 manentes
430 2471 550 2548 somno
578 2469 767 2570 sopiuntur.
786 2479 803 2511 ²
816 2471 1003 2570 Agathou,
1034 2479 1174 2552 soced·

143 2595 255 2698 ten&
271 2597 542 2700 Aristophanen,
567 2597 630 2674 soli
654 2599 792 2694 longam
809 2595 971 2690 nollem,
994 2597 1157 2699 usquead
1240 2673 1242 2684 ,
1360 2661 1361 2670 ,

143 2723 225 2800 salia
247 2741 384 2818 ortum,
408 2723 563 2800 bibendo
582 2705 780 2814 transigunt.
833 2719 990 2795 Socrates
1005 2721 1159 2818 disputa

144 2849 190 2922 de
216 2849 378 2942 poetica,
401 2846 441 2916 dt
469 2837 677 2924 demonstrat
701 2837 853 2933 ejusdem
876 2843 948 2916 esse
963 2865 1088 2941 poetae
1102 2851 1158 2926 of·

125 2963 265 3044 fficium
286 2963 327 3040 de
350 2961 561 3063 tragoediam
585 2961 624 3039 de
651 2935 869 3041 'comoediam
895 2965 1055 3047 sciibere.
1102 2975 1158 3052 llli

141 3087 339 3168 semisomni
370 3109 450 3164 enm
474 3087 637 3182 audiunt,
669 3087 709 3166 dt
739 3090 884 3170 tandem.
904 3095 1154 3196 obdormiunt,
1230 3123 1234 3130 ·

141 3217 273 3318 primus
289 3213 561 3316 Aristophanes,
586 3213 752 3298 secundus
767 3219 945 3320 Agathou.
995 3228 1154 3308 Socrates
1186 3229 1190 3234 ’

141 3346 252 3421 lautus
276 3365 357 3418 cnm
377 3340 597 3422 Aristodemo
618 3346 656 3420 in
676 3347 832 3446 Lyceum
852 3343 888 3423 se
904 3350 1061 3448 confert,
1086 3353 1154 3436 ibi·

133 3449 212 3571 ‘que
234 3488 314 3548 toto
335 3468 397 3544 die
417 3471 576 3570 perodio,
601 3472 677 3548 sero
690 3471 833 3552 domum
852 3477 926 3554 abit
948 3477 1149 3581 dormitum.

141 3599 245 3676 Haec
270 3615 323 3674 eat
348 3595 428 3675 libri
442 3597 543 3698 hujus
559 3598 732 3688 sententia
748 3601 966 3703 summaque,
990 3631 1152 3708 qnantum

142 3723 220 3802 fieri
248 3723 385 3822 potuit,
401 3715 560 3800 ¹breuiter
578 3723 617 3801 in
635 3725 883 3826 compendium
898 3731 1057 3825 redula,
1082 3737 1152 3812 cia·

144 3849 302 3926 cumcisu
331 3837 447 3928 multia
480 3847 742 3946 venustatibus,
780 3851 901 3954 quibus
931 3857 1087 3958 dialogus
1111 3860 1154 3936 ad
1184 3879 1188 3886 ’

143 3975 401 4058 limilitudinem
422 3979 644 4082 quotidianae
665 3976 821 4056 vitae&
839 3981 1001 4064 veritatis
1013 3985 1154 4084 confou-

143 4119 256 4182 matus
274 4123 339 4183 eat.

1077 4237 1150 4312 Re·
1265 4255 1280 4294 s
