2938 5246
141 477 208 554 ttx
221 475 354 552 EDIT.
371 475 399 550 1.
409 477 445 552 B.
457 475 495 552 C.
510 469 693 554 D'ANSS.
706 477 774 554 DE
787 476 1070 560 VILLOISON.
1086 483 1136 577 69

127 650 205 736 nio,
231 649 269 726 δι
290 648 494 747 eloquentia:
513 649 591 724 inde
611 675 715 750 osque
731 653 772 728 ad
798 680 832 752 p.
846 679 905 746 49.
931 651 1133 746 ostenditur,

128 777 286 874 Longum
310 773 369 849 fibi
391 774 651 873 aSophisttrum
664 779 799 876 ineptiis
816 775 963 868 emisse,
988 800 1141 876 eumque,

126 921 302 996 perperam
318 897 518 996 reprehendi
541 903 583 975 ab
608 901 743 980 Huetio
768 899 806 978 ἂ
829 901 962 980 Baeliot
988 904 1144 1002 denique,

129 1021 208 1096 inde
230 1048 338 1123 usque
360 1009 402 1102 nd
424 1026 533 1102 finem'
550 1025 733 1126 exponitur
750 1026 793 1100 de
819 1025 1040 1124 superioribus
1064 1025 1142 1104 edi·-

123 1146 273 1230 tionibus
303 1149 343 1228 or
364 1149 493 1250 scriptis
515 1153 632 1242 libn's,
654 1150 696 1226 ed
719 1174 862 1250 quorum
886 1151 990 1228 fidem
1019 1151 1137 1252 exegit

125 1269 312 1352 editionem
324 1261 416 1352 suam
427 1275 639 1354 vittoisonus.
650 1277 850 1354 Edition'um
866 1275 973 1374 prima
988 1296 1041 1351 eet
1058 1278 1142 1370 Flo<
1172 1325 1174 1331 ·

125 1397 258 1474 nentina
277 1402 366 1499 apud
380 1404 525 1500 Juntas,
549 1404 595 1478 A.
614 1407 726 1496 150'8,
740 1427 776 1497 4.
808 1401 919 1480 studio
934 1401 1045 1500 Raph.
1065 1404 1133 1478 Co·

126 1520 312 1614 lumbanii.
335 1527 489 1628 expressa
511 1551 556 1607 ex
579 1525 698 1604 codice
722 1525 866 1626 scripto,
899 1527 995 1624 cujus
1018 1525 1137 1604 leeiio·
1302 1571 1307 1584 ·

126 1667 215 1734 ner,
250 1671 328 1726 cunr
353 1651 554 1731 lenioribus
577 1653 680 1733 trium
712 1653 868 1730 codicum
881 1717 884 1726 .
897 1655 1140 1750 Romanorum.

125 1775 297 1872 excerptis
325 1799 345 1852 a
375 1780 498 1856 Fulvio
528 1777 674 1869 Urfino,
707 1776 815 1877 iisque
845 1777 1140 1858 animadvernoni,

123 1899 187 1975 bus
220 1901 292 1998 ejos
322 1901 533 2002 interjetiis,
561 1901 604 1978 ad
628 1903 754 1978 calcem
776 1902 850 1980 iibri
872 1901 1024 2000 adjectae
1048 1902 1138 1980 sunt.

124 2030 230 2104 Hanc
244 2029 478 2128 expresserunt
496 2028 587 2127 typis
606 2027 873 2112 Commelinianie
887 2027 1138 2124 Heidelbergae

126 2163 242 2248 1601,
268 2165 301 2238 8.
341 2153 512 2245 Bonvitii,
534 2155 580 2228 nil
598 2152 792 2251 adjicientes
806 2169 940 2246 praeter
963 2173 1140 2250 operatum
1162 2153 1166 2165 '

125 2279 212 2356 vitia
244 2278 284 2356 ἃ
324 2278 544 2376 metaphrafin
581 2275 750 2352 heroicam
787 2275 889 2346 Laur.
925 2277 1140 2354 Gambarrae.
1304 2323 1307 2330 -

123 2405 229 2482 Paulo
251 2425 351 2502 poet,
379 2409 493 2494 1605,
520 2395 702 2472 Hanoviae
716 2393 805 2492 apud
822 2395 1020 2471 Wechelios
1045 2401 1141 2474 Lon·

123 2556 207 2632 gum
228 2530 334 2606 edidit
350 2532 618 2620 Jungermannus
631 2514 740 2592 forma
754 2516 893 2610 oona,
914 2518 1044 2618 adjecta
1060 2545 1141 2597 vera
1211 2537 1215 2544 ’

121 2647 342 2728 tioneLatim
358 2641 398 2718 &
413 2641 568 2741 subjetos
587 2639 629 2714 ad
642 2641 765 2720 calcem
780 2641 1138 2739 animadversionibus,
1252 2651 1256 2658 '
1346 2655 1351 2670 “

124 2773 285 2856 brevibus
307 2767 443 2869 quidem
459 2765 520 2840 illis
543 2764 582 2844 ἂ
597 2759 730 2862 paucis,
758 2760 812 2843 sed
828 2766 934 2850 acutis
956 2765 995 2846 or
1015 2791 1065 2850 ex
1087 2772 1138 2848 in.

125 2900 250 2978 teriore
268 2897 472 2990 Graecarum
487 2894 656 2969 literarum
670 2892 806 2974 seientia
821 2891 1003 2992 profectis,
1018 2910 1058 2972 ut
1073 2891 1137 2968 do·

124 3024 263 3102 lendum
289 3021 349 3111 fit,
374 3039 452 3094 eum
479 3016 619 3094 nimium
640 3017 874 3116 deproperasse
902 3019 987 3094 hanc
1010 3014 1134 3092 editio·
1266 3067 1269 3076 -

126 3173 225 3228 nem:
249 3147 376 3250 quippe
395 3159 595 3220 contextum
622 3145 789 3222 Graecum
806 3169 850 3222 ex
875 3140 1139 3223 commeliniano

126 3275 265 3376 repetiit
281 3271 466 3368 exemplo,
499 3287 608 3367 eoque
627 3270 697 3366 jam
721 3269 907 3378 descripto,
938 3269 1055 3350 nanus
1079 3267 1139 3343 de·

121 3426 215 3479 mum
232 3417 285 3474 est
309 3395 493 3476 editionem
511 3393 744 3471 florentinam.
769 3397 883 3478 Notas
898 3398 1034 3496 quidem
1051 3397 1134 3496 Jun-

123 3525 411 3630 germanni,quee
425 3542 494 3596 noo
509 3518 568 3596 nin
584 3519 675 3602 binae
685 3537 800 3600 tresve
814 3523 959 3622 plagulas
973 3523 1135 3622 implent,
1268 3583 1270 3600 .

126 3655 288 3730 vellemus
306 3647 382 3724 suae
398 3644 538 3723 editioni
557 3643 732 3744 ¹adiecisset
746 3645 959 3726 Vifloisonus.
992 3643 1135 3734 ,Voluit

93 3803 95 3814 ·
128 3777 237 3862 etiam
256 3779 375 3862 Petrus
395 3770 535 3846 Moliius
551 3772 638 3846 bene
653 3768 774 3846 mereri
786 3769 840 3844 vde
855 3771 959 3848 literis
976 3767 1137 3859 Graecis,
1155 3861 1159 3869 Ι

128 3921 210 4000 quat
233 3901 464 3997 Frenequerae
484 3893 725 3995 profitebatur,
749 3893 844 3970 edito
866 3893 913 3970 ibi
931 3899 1053 3993 Longo
1065 3891 1137 3966 for·

126 4043 319 4125 mequomo
341 4025 400 4112 :A-
428 4031 534 4112 1660.
584 4020 846 4124 Hoehotnine·
863 4045 967 4120 nemo
992 4041 1139 4122 unquam

611 4150 687 4248 Ep
1074 4142 1174 4244 eon.-
