2964 5252
382 501 453 573 rsa
503 461 1278 556 REBATIONESBREVIORES‘.

375 685 461 744 vero
485 657 663 736 materiam
692 655 879 744 desumit,
909 654 953 730 ad
986 654 1166 753 syntaxim·
1189 658 1387 740 Hebraeum

238 761 241 777 ι
373 817 418 868 ex
454 789 548 864 libris
577 785 819 863 Grammaticis
844 781 883 859 dt
905 781 1129 882 Philologicit
1158 783 1383 882 aetutem,
1431 813 1432 862 v

373 913 607 1004 aedroederi,
637 911 870 995 ,Micha'e'lisz
909 909 953 986 ad
989 907 1254 986 observationes
1292 911 1382 1010 super

371 1049 450 1124 stilo
490 1043 592 1118 Novi
630 1035 846 1115 Testamenti
885 1059 930 1114 ex
963 1035 1166 1128 Gatakero,
1205 1038 1376 1134 ventio,

371 1170 536 1260 Krebfio,
562 1172 713 1259 Bauero,
746 1163 907 1261 aliisque,-
929 1161 990 1261 qui
1015 1162 1154 1238 dehoc
1177 1186 1369 1264 argumento

371 1318 452 1400 post
486 1294 649 1375 Glassrum
672 1289 887 1386 scripserunt.
945 1289 1107 1390 Denique
1141 1289 1233 1366 haud
1269 1292 1367 1368 mino-

371 1451 446 1520 rem
463 1443 605 1518 operam
625 1417 739 1515 posuit
755 1416 791 1495 in
812 1417 917 1496 altera
936 1418 1015 1498 libri
1035 1438 1137 1516 parte
1156 1419 1361 1516 expolienda,

221 1585 226 1612 ·
370 1573 456 1650 quae
477 1545 708 1624 Rhetorieam
730 1547 870 1623 Sacram
898 1543 1171 1644 compledtiturr
1212 1545 1249 1621 iu
1277 1571 1361 1646 qna,

370 1673 505 1753 servato
534 1685 648 1749 tamen
658 1725 673 1764 ,
698 1695 800 1769 quem
820 1671 951 1764 laudat,
970 1669 1091 1750 Giasfii
1109 1669 1247 1763 ordine,
1267 1675 1363 1749 muita

370 1799 526 1888 induxit,
551 1800 725 1891 mutavit,
752 1801 966 1892 emendavit,
982 1797 1113 1898 saepius
1128 1821 1262 1898 quoqne
1276 1803 1361 1898 plane

371 1949 462 2007 nova
486 1922 667 2000 substituit.
678 1923 698 1950 ’'
750 1927 825 2024 Jam
857 1949 944 2003 vero
971 1925 1009 2002 in
1030 1925 1084 2002 his
1111 1927 1266 2003 omuibus
1284 1950 1358 2026 quae

366 2047 516 2137 Dathius
542 2048 709 2146 praestitit
726 2075 850 2150 magna
873 2052 1032 2154 profedio
1055 2054 1125 2132 laus
1151 2073 1204 2130 ert
1223 2056 1355 2131 eumin·

367 2175 465 2274 genii
499 2195 744 2274 accurataeque
774 2178 972 2272 dodirinaa,
1003 2195 1079 2258 tum
1108 2179 1260 2278 inprimis
1276 2185 1355 2280 judi·

369 2303 419 2378 cii
443 2303 479 2376 in
506 2300 644 2376 delediu·
662 2302 824 2380 faciendo
847 2327 996 2395 eorum,
1036 2329 1122 2404 quae
1151 2311 1290 2386 maxime
1309 2333 1354 2386 er·

369 2429 446 2533 ¹sent
471 2428 596 2520 utilia,
630 2432 687 2504 vel
710 2432 815 2508 aerati
840 2429 975 2506 nostrae
997 2433 1109 2532 magis
1130 2440 1349 2517 convenirent.-

370 2557 449 2634 Nor
473 2556 611 2656 quidem
643 2557 732 2645 nihil
755 2557 979 2651 invenimus,
1014 2560 1098 2660 quud
1120 2560 1224 2636 videri
1252 2562 1345 2660 porfit

367 2683 425 2760 vel
450 2685 539 2760 male
556 2682 737 2778 omissum,
761 2685 819 2760 vel
841 2705 972 2758 temere
994 2709 1036 2762 ac
1057 2707 1188 2786 praeter
1202 2691 1351 2765 rationem

364 2810 553 2886 servatum.
605 2815 734 2894 Contra
774 2811 921 2910 optimas
954 2837 1103 2912 quasque
1138 2811 1352 2914 praestantia·

363 2959 503 3016 anorum
520 2939 800 3038 Philologorum,
825 2937 884 3036 qui
909 2957 988 3034 post
1010 2939 1176 3016 Glatsrum
1199 2938 1352 3028 vitentur,

362 3063 626 3143 observationes
661 3065 709 3140 fic
739 3063 858 3156 parsrm
887 3063 1175 3158 deprehendimus
1206 3061 1346 3138 leddarum

359 3192 441 3292 ptui
470 3189 765 3278 accommodatas,
800 3208 839 3264 ut
863 3190 967 3266 facile
991 3189 1195 3282 credamus,
1229 3187 1347 3262 nihilin

362 3317 439 3414 noc
470 3338 617 3412 genere,
643 3337 707 3412 pro
729 3315 866 3392 ratione
887 3319 1007 3392 aetatis
1034 3315 1191 3406 nostrae,
1219 3314 1353 3414 praedari

233 3439 237 3457 '
363 3439 469 3544 posse
493 3441 680 3538 patentius
710 3463 770 3518 aut
798 3445 907 3545 magis
933 3447 1134 3520 absolutum.
1197 3436 1354 3520 Caeterum

368 3569 518 3646 formam
551 3571 667 3667 operis
707 3571 870 3648 Glasfiani
901 3573 947 3650 fic
974 3569 1172 3650 immutavit
1198 3568 1356 3656 Dathinr,
1433 3667 1434 3680 ἵ

362 3709 409 3778 -t'tt
430 3709 523 3772 nunc
547 3694 707 3792 quidem,
726 3736 734 3781 ..ι
747 3713 844 3794 parte
875 3701 1010 3798 prima,
1044 3689 1358 3785 Grammaticam&

360 3821 599 3904 ,Rhetoricam
612 3820 747 3896 Sacram
765 3823 1030 3920 praemitteret,
1056 3849 1156 3924 quam
1177 3826 1359 3925 sequentur,

359 3964 468 4064 parte
488 3947 620 4038 altera,
654 3948 785 4026 Critica
806 3947 845 4026 dr
872 3951 1142 4038 Hermeneutica
1165 3952 1216 4028 V.
1242 3953 1304 4040 T„
1326 3945 1360 4018 ‘¹⁰

358 4075 492 4170 mrbus
506 4070 651 4160 Glatstus
666 4073 741 4172 agir
761 4079 804 4170 L,
821 4078 847 4153 1.
865 4075 903 4166 du
918 4079 964 4154 ΙΙ.
1014 4135 1040 4175 ,,
1066 4080 1166 4182 Quae
1191 4095 1359 4166 varocum

354 4245 365 4286 ι
1253 4193 1358 4280 noſtris
