2956 5268
419 508 442 564 2
540 477 990 563 crcnnonrrs
1038 419 1293 560 ornan

418 655 466 736 l'as
483 680 594 734 return
614 659 835 736 humanarum
852 653 1107 757 gubernatrices
1124 647 1340 758 conspirasse,
1356 664 1400 736 na·

417 803 549 876 turam,
564 782 800 884 disciplinam,
817 782 999 861 fortunam.
1025 782 1175 858 Primum
1193 801 1341 894 anatum
1355 787 1397 862 ha·

417 913 519 989 bebat
535 913 713 1012 ingenium
737 911 869 1000 docile,
897 913 1027 1004 sollers,
1053 909 1398 1012 perspicamntene·

343 1055 349 1067 ·
417 1058 493 1112 rum
516 1035 559 1111 ad
581 1037 716 1136 pulchri
738 1038 942 1138 honestique
962 1036 1105 1112 sensum.
1156 1040 1311 1140 Cumque
1331 1039 1396 1111 mul·

355 1152 362 1174 ”
416 1183 490 1240 turn
508 1165 544 1242 in
561 1183 736 1262 utramque
751 1185 886 1267 partem
902 1166 1014 1277 valeat
1023 1218 1037 1258 ,
1063 1165 1219 1266 aquibus
1239 1159 1394 1262 principiis

370 1385 380 1392 η
414 1290 509 1368 vitae
528 1288 643 1364 cursus
656 1289 817 1384 ducatur,
836 1277 1027 1394 quibusque
1041 1288 1394 1392 parentibus,legibus,

412 1415 543 1523 patria,
554 1414 628 1512 quis
651 1437 828 1512 nascatur,
839 1423 964 1497 Cicero
980 1420 1017 1496 in
1032 1419 1100 1496 hac
1119 1435 1217 1516 parte
1232 1399 1304 1490 tam
1320 1415 1392 1490 beni·

313 1544 316 1554 ’
411 1543 526 1618 volam
541 1541 724 1629 fautricem
746 1565 866 1622 nactus
888 1565 940 1622 est
961 1543 1155 1634 fortunam,
1179 1559 1219 1616 ut
1234 1565 1278 1616 ex
1295 1541 1392 1616 hisin.

408 1669 506 1768 genii
529 1670 711 1769 praeclaris
741 1671 910 1766 dotibus,
934 1673 1066 1748 animus
1097 1667 1261 1742 existeret
1298 1667 1391 1764 magni

409 1795 610 1894 honestique
634 1816 817 1897 appetens,
852 1796 962 1896 turpis
994 1793 1189 1894 sordidique
1211 1792 1392 1892 despiciens

191 1967 195 1974 -
288 1935 294 1952 ‘
406 1917 522 1996 Natus
550 1923 644 2000 enim
667 1944 726 2000 est*
743 1942 843 2022 patre
867 1925 985 2021 equite
1007 1925 1187 2013 Romano,
1213 1943 1258 1995 ex
1271 1917 1394 2016 splendi·

407 2045 545 2118 dissrmo
560 2051 682 2119 ordine
690 2049 763 2140 ejus
774 2049 929 2152 civitatis
935 2069 1043 2143 ,quae
1059 2041 1151 2123 orbis
1160 2065 1327 2120 terrarum
1345 2045 1394 2118 im·

342 2207 344 2215 ,
406 2149 541 2268 perium
565 2168 763 2260 obtinebat,
789 2189 831 2240 ea
853 2188 960 2266 gente
980 2187 1083 2270 atque
1105 2189 1240 2263 aetate,
1264 2193 1330 2268 qua
1346 2191 1394 2247 ue·
1422 2229 1423 2240 ψ

404 2315 458 2371 tus
478 2297 536 2372 illa
560 2286 763 2392 disciplinae
784 2292 958 2372 salubritas
979 2291 1208 2394 severitasque
1223 2295 1338 2371 adhuc
1355 2297 1396 2372 vi·

402 2423 525 2520 gebat,
549 2421 701 2498 nondum
738 2423 908 2522 corruptis
934 2421 1067 2500 luxuria
1096 2421 1231 2500 ciuium
1268 2421 1425 2516 animinl

398 2567 513 2643 neque
562 2547 605 2624 ad
660 2547 894 2648 potentiorum
955 2551 1185 2628 adulationem
1257 2551 1399 2651 abjectis

400 2677 468 2750 Sua
503 2674 614 2752 adhuc
643 2675 878 2776 reipublicae
910 2675 1085 2754 constabat
1115 2679 1302 2776 majestas,
1351 2677 1399 2752 sua

397 2801 529 2902 patriae
546 2799 713 2880 sanblitas.
763 2799 916 2880 Recenti
940 2799 1109 2878 memoria
1121 2797 1294 2874 florebant
1305 2797 1400 2876 sortia

397 2930 566 3024 majorum
593 2913 713 3020 sa'sia,
737 2928 859 3026 quibus
886 2949 1074 3024 puerorum
1104 2949 1202 3002 aures
1243 2923 1391 3022 quotidie

393 3055 633 3154 personabant,
645 3049 825 3146 omnisque
841 3053 884 3122 ab
894 3051 1145 3130 eorumanimis
1153 3051 1390 3128 arcebaturhu·
1425 3099 1426 3128 r

394 3180 483 3256 milis
524 3175 683 3274 turpisne
739 3171 937 3272 cogitatio,
976 3193 1078 3278 atque
1119 3176 1268 3254 universi
1306 3177 1387 3256 excl-
1425 3155 1426 3164 ,

393 3306 571 3392 tubantut‚
599 3315 642 3394 vut
683 3297 808 3400 dignos
848 3299 885 3378 se
915 3301 955 3382 dt
994 3288 1138 3384 idoneos
1170 3322 1387 3406 praestarent,

392 3427 450 3528 qui
492 3445 623 3504 tantam
670 3423 809 3526 imperii
859 3435 1134 3535 magnitudinem
1181 3449 1387 3522 tuerentur,

327 3627 330 3634 ,
388 3558 444 3632 vel
485 3555 615 3634 ‘bellica
653 3553 783 3668 virtute
806 3617 819 3656 ,
843 3562 900 3638 vel
945 3547 1044 3640 civili
1083 3543 1238 3638 scientia.
1291 3563 1386 3638 Porto

393 3683 586 3780 eloquentia
630 3684 804 3762 acerrimis
857 3685 1005 3764 florebat
1053 3668 1184 3764 civium
1231 3683 1388 3776 studiis,¹

388 3811 547 3886 maximis
571 3811 606 3888 ei
627 3811 810 3913 propositis
831 3813 991 3914 praemiis
1003 3813 1045 3890 ad
1069 3811 1211 3914 opes&
1233 3815 1385 3892 honores.

274 3994 277 4002 ,
388 3937 656 4036 Adolescentes,
688 3938 797 4018 sumta
824 3939 918 4026 virili
944 3959 1047 4048 toga,
1071 3941 1109 4022 in
1130 3941 1212 4037 soro
1236 3941 1384 4047 quotidie

1279 4068 1361 4156 vers
1370 4105 1381 4124 ·
