2904 5248
176 463 180 478 '
229 478 433 568 aaron
485 448 941 580 Anzan-onra-
1058 515 1107 590 tu

95 667 215 742 taedio
246 662 609 744 laborantemsustinet
622 669 879 769 consolaturque
901 671 1099 749 Menelaurt

95 811 231 914 tempus.
250 813 386 890 ¹quoque
408 794 570 888 paulatim
586 794 751 890 majorem
770 793 875 868 luctus
892 815 1025 893 partem
1039 797 1099 870 de·

93 919 172 996 mit.
221 922 326 992 Sexto
350 917 464 992 mense
479 920 515 994 in
539 921 685 996 Cliniam
699 919 793 996 forte
806 922 939 1000 incidit.
990 926 1100 1000 Hunn

94 1046 259 1128 Sidoniie
277 1045 455 1145 naufragio
466 1045 885 1146 sustulerant,falvumque
897 1051 1023 1128 Sidona
1039 1053 1100 1128 ad·

93 1187 276 1264 vexerant,
290 1173 351 1248 ubi
365 1198 384 1248 a
399 1169 552 1246 Sostrato
571 1172 690 1248 literae
709 1176 751 1250 ad
774 1177 944 1274 Hippiam
964 1179 1096 1252 adlatae

92 1321 212 1394 erant,
236 1299 358 1398 quibua
379 1299 437 1374 ille
453 1299 557 1374 liliam
578 1303 778 1402 Leucippen
808 1299 1024 1392 Clito'phnnti
1039 1305 1098 1380 de-

91 1425 290 1524 spondebat.
344 1429 458 1524 Atque
489 1429 582 1502 hunc
596 1447 672 1504 tam
702 1429 826 1506 la'etum
863 1432 1022 1506 nuntium
1058 1447 1098 1504 ur

90 1554 308 1656 Clitoplrouti
323 1553 473 1630 adferret
483 1565 502 1645 ,'
511 1553 637 1630 Cliniaa
652 1555 776 1634 iterum
790 1555 1032 1632 Alexandriam
1044 1577 1098 1628 re·

90 1678 241 1774 petierat
267 1735 278 1770 ,
303 1680 328 1754 li
349 1680 442 1756 forte
467 1703 545 1756 eum
573 1705 617 1757 err
639 1683 822 1780 naufragio
845 1683 1018 1758 seruatum
1045 1681 1098 1756 ibi

92 1802 252 1880 invenire
283 1806 394 1902 posset
421 1823 432 1879 t
458 1807 578 1903 quibus
599 1808 815 1904 adjiciebat,
849 1817 989 1908 patrem'
1014 1829 1101 1906 quo·

93 1951 161 2028 que
186 1925 357 2030 Hippiam
376 1930 488 2028 ipsum
519 1919 723 2032 propediem
745 1937 931 2012 affuturum
953 1989 966 2026 ,
998 1949 1036 2006 ut
1058 1931 1100 2004 lia

93 2056 181 2132 lium
201 2076 428 2154 temperaret.
480 2063 565 2136 Hoc
586 2061 709 2136 nuntio
724 2057 1102 2156 animusClitoplrontia
1272 2137 1275 2144 A

92 2204 166 2256 non
201 2199 272 2258 tam
299 2185 340 2294 ad
366 2183 572 2282 aequitatem
591 2201 801 2275 revocatur,
826 2203 925 2281 quarn
943 2179 1099 2256 'obdufla
1129 2159 1132 2166 ¹
1226 2210 1231 2221 ¹

92 2303 199 2382 tuttui
225 2303 369 2382 cicatrix
383 2307 566 2387 refricatur
580 2309 747 2384 memoria
768 2313 974 2410 Leucippen
1028 2304 1101 2402 lgi-

93 2449 151 2510 tur
175 2429 351 2508 constituit
366 2432 470 2532 patris
488 2432 522 2508 se
540 2433 714 2529 adipefiui
730 2433 917 2508 subducere
928 2423 1101 2522 ,Alexan-

91 2555 268 2654 driamque
290 2556 492 2654 relinquerer
543 2560 638 2632 Dum
655 2559 788 2630 abitum
802 2576 916 2652 parat,
941 2555 1100 2630 nuntiant
1226 2587 1234 2601 ·

1 2733 2 2736 η
78 2681 544 2780 ·elMenelatrr&Satyrur,
563 2677 751 2768 Melittem
777 2671 924 2774 incojus
942 2677 1101 2752 notitiam
1227 2699 1230 2706 ’

92 2805 327 2891 Alexandriae
359 2818 528 2892 venerat,
559 2799 757 2876 vehementi
783 2800 853 2896 ejus
876 2823 994 2876 amore
1008 2801 1101 2899 naga

1 2905 3 2922 d
79 2901 229 3020 'tantem
238 2927 271 3002 ei
283 2931 411 3002 nubere
421 2928 519 3002 uelle.
536 2927 619 2998 Erat
633 2926 722 2997 haec
735 2928 856 3000 mulier
865 2927 1102 3026 Ephefia,llo·
1225 2945 1229 2952 '

92 3072 193 3128 rente
203 3067 335 3146 aetate,
343 3049 1102 3150 pulchritudinehaudvulgari‚divitiisaffln
1157 3071 1165 3089 ⁸

92 3202 176 3271 ens,
199 3175 365 3254 &recens
379 3177 503 3271 vidua,
521 3177 645 3254 marito
658 3195 722 3272 per
738 3173 954 3275 naufragium
969 3180 1102 3262 amisso.

94 3305 285 3404 Clitopiron
306 3302 453 3399 primum
468 3327 605 3380 omnem
622 3299 815 3400 puptiarnm
830 3304 1045 3404 mentionem
1064 3332 1103 3382 a·

96 3431 584 3536 versaturrpostea,paulatim
601 3433 791 3510 amicorum
807 3433 965 3532 precibus
981 3457 1101 3512 exora·

98 3581 174 3652 tur,
200 3576 238 3632 ut
267 3554 488 3632 fortunae&
516 3562 617 3634 rebus
638 3557 702 3632 fuir
730 3557 906 3655 consulat,
931 3560 1101 3636 conditio·
1202 3651 1207 3664 ο

98 3711 181 3766 nem
197 3681 344 3780 accipit:
370 3705 411 3756 ea
427 3699 540 3770 tamen
561 3684 660 3782 lege,
687 3706 724 3762 ut
742 3707 787 3766 ne
802 3688 944 3786 nuptiae
957 3682 1101 3784 fierent,

97 3815 214 3892 donec
235 3805 408 3906 Ephesum
434 3810 644 3909 pervenisset
669 3842 691 3902 r,
705 3831 813 3916 neque
847 3819 940 3894 enim
975 3818 1032 3891 vel
1062 3815 1100 3892 m
1145 3777 1156 3814 ’

91 3944 293 4040 Aegypto,
318 3960 429 4036 neque
474 3939 584 4029 mari,
617 3939 696 4018 ubi.
723 3943 908 4044 Leucippe,
946 3960 999 4018 tot
1026 3959 1098 4021 ma·

88 4071 130 4154 lo
177 4061 334 4164 perpessa
373 4063 687 4168 mandatorem
705 4091 842 4176 qnoque
860 4071 1012 4168 obierat,
1036 4068 1103 4158 frui

88 4191 307 4286 .„,Pursll.
480 4283 485 4292 ,
648 4185 685 4278 D
900 4277 904 4288 ,
977 4179 982 4190 ’
1051 4196 1101 4302 [ar
