2964 5252
343 471 392 548 p
487 439 788 521 runrrrnrs
814 433 1222 516 rnncounrnn

344 625 454 700 lerunt
486 617 696 719 perniciem,
732 617 801 692 imo
829 615 925 714 pejus
944 609 1015 711 ipsa
1041 611 1193 707 pernicie
1215 617 1361 698 malum.¹

346 755 413 850 Ag.
450 751 553 824 Tune
581 765 713 822 tantum
736 741 873 825 ‚sumnus
902 737 978 818 ausa
997 759 1060 830 ee,
1084 741 1271 820 Hecuba?
1316 748 1362 820 Ρ.

346 873 447 954 Vah!
472 873 641 970 quiduis?
664 890 770 968 prope
783 883 835 938 est
852 865 1017 946 scelesta?
1042 865 1130 940 cedo
1153 867 1238 940 milri
1259 891 1360 962 earu,

346 1020 388 1077 ut
426 1023 526 1074 manu
560 1017 748 1094 correptam
786 995 927 1069 lacerem
955 1013 995 1066 ac
1026 989 1225 1089 discerpam,
1285 999 1361 1095 Ag,

198 1175 201 1181 -
350 1128 451 1204 Heus
470 1143 531 1214 tu,
555 1123 637 1222 quid
659 1120 754 1218 agis?
778 1121 816 1199 P.
835 1117 913 1200 Sine
928 1141 1004 1210 me,
1029 1119 1356 1216 Agamemnoniu-

351 1269 483 1326 rentem
505 1250 538 1324 ei
554 1249 691 1349 injicere
715 1269 861 1325 manum.
913 1245 958 1324 A.
982 1241 1129 1349 Contine
1155 1264 1214 1340 te,
1237 1247 1275 1324 ἃ
1303 1272 1353 1328 en

349 1397 465 1453 ruente
492 1395 550 1450 tua
574 1375 660 1450 hanc
691 1371 824 1470 depone
848 1370 1061 1446 bubmiem:
1095 1393 1234 1474 expone
1259 1399 1352 1452 caus-

352 1504 419 1582 sam
443 1521 554 1577 tunm:
581 1517 698 1598 postea
720 1496 863 1574 vicissim
879 1496 970 1572 dicet
990 1481 1151 1574 Hecube:
1177 1523 1247 1598 ego
1262 1500 1358 1580 litem

353 1629 441 1714 hanc
468 1648 645 1723 exaequo
675 1621 868 1700 diritnam.”
924 1619 1024 1706 Dicit
1056 1623 1176 1720 primus
1198 1626 1357 1724 Polyme.

355 1752 441 1830 stor:
474 1749 611 1824 excusat
635 1745 793 1846 Polydori
809 1743 968 1839 caedem,
984 1721 1084 1847 eique
1108 1747 1194 1824 adeo
1211 1747 1362 1846 justitiae

355 1879 507 1963 colorem
540 1873 662 1952 addere
695 1853 836 1968 studet,
877 1871 1083 1952 Graecis&
1117 1874 1360 1974 Agamemnoni

359 2003 585 2104 gratificatum
607 2003 640 2078 se
668 2001 810 2095 dicens,
843 2026 886 2079 ne
907 1999 1092 2101 superesset
1118 2023 1162 2076 ex
1184 2004 1303 2082 Priami
1322 2005 1363 2085 fi·

359 2130 431 2221 liis,
454 2130 513 2228 qui
531 2148 710 2228 paternum
732 2151 873 2226 regnum
904 2127 1119 2208 instauraret:
1150 2147 1272 2227 postea
1296 2153 1369 2206 nar·

362 2275 441 2349 rat,
474 2253 645 2354 quomodo
666 2278 745 2332 eum
770 2255 916 2336 Hecuba
938 2253 1222 2346 circumvenerit,
1247 2279 1367 2330 excae-

363 2381 514 2470 oeverit,
540 2378 579 2454 dt
602 2379 760 2474 parvulos
777 2377 865 2456 filios.
885 2377 1123 2460 trucidaverit:
1155 2379 1304 2483 denique
1334 2409 1369 2464 a·

365 2505 552 2586 cerbissrma
600 2502 851 2602 vituperatione
891 2503 1056 2582 invehitur
1091 2505 1126 2588 in
1163 2510 1363 2587 muliebrem

364 2635 504 2725 strunu
535 2633 630 2732 cujus
652 2629 788 2730 quidem
818 2628 867 2704 rei
896 2627 1099 2706 occasionem
1129 2650 1202 2705 raro
1224 2633 1364 2731 negligit

368 2759 565 2860 Euripides,
589 2777 629 2832 ut
650 2757 788 2856 ingenio
809 2756 869 2834 suo
887 2753 1070 2854 indulgeat.
1112 2757 1282 2854 Deinceps
1293 2760 1371 2834 He.

369 2889 456 2962 ctrba
475 2887 641 2986 loquitur,
675 2881 847 2986 perfidiam
875 2881 1115 2982 avaritiamque
1138 2881 1373 2980 Polymestoris
1471 2885 1472 2960 3

370 3030 552 3108 exponens.
605 3011 698 3087 Tum
714 3013 946 3112 Agnuernnon
971 3067 995 3105 „
1011 3013 1220 3098 Molestum,
1243 3006 1369 3110 inquit,

370 3151 442 3225 est,
477 3131 520 3208 de
548 3135 662 3214 alienis
682 3139 834 3237 judicare
862 3136 1131 3228 calamitatibus3
1164 3131 1220 3210 sed
1253 3133 1371 3210 faciam

369 3275 510 3351 temen,
560 3259 829 3359 quandoquidem
864 3259 931 3343 hoc
962 3268 996 3343 in
1031 3289 1086 3341 me
1121 3259 1248 3358 suscepi
1286 3262 1373 3336 arbi.

371 3383 484 3468 trium.
528 3386 655 3486 Igitur,
680 3387 804 3464 videris
828 3389 930 3483 milri,¹
953 3393 1185 3490 Polymestor,
1199 3411 1274 3470 ,nec
1287 3387 1374 3480 mei,

369 3527 436 3582 nec
458 3511 659 3610 reliquorum
677 3513 884 3590 Graecorum
905 3512 1039 3610 mussa,
1056 3515 1263 3600 interfecisse
1276 3515 1374 3614 Poly·

372 3633 512 3729 dorum,
535 3639 592 3714 sed
618 3639 757 3715 avaritia
780 3641 986 3735 stimulatuss
1019 3665 1220 3740 quamquam
1239 3641 1379 3718 istarua

372 3778 411 3838 te
446 3759 667 3861 suspicionem
697 3789 856 3846 emovere
885 3767 1035 3846 conaris:
1086 3769 1193 3869 Apud
1224 3773 1381 3847 barbaros

372 3879 463 3958 sorte
479 3910 547 3962 non
564 3887 649 3964 adeo
666 3892 985 3987 monumentor,
1008 3895 1179 3995 hospitem
1202 3893 1381 3974 occidere:

369 4011 459 4112 opud
485 4013 633 4091 Graecos
652 4017 835 4098 murnum
862 4040 1039 4123 reputatur
1066 4021 1183 4108 scelus.
1236 4023 1381 4130 Quare.

1290 4166 1372 4228 OEfll
