2904 5248
788 167 799 208 i

344 453 1226 572 tfcrcsaonrsornnn
1304 449 1322 476 ⁹

313 625 316 632 Ι
350 660 534 747 ubertate,
565 675 637 734 nec
660 648 910 748 principiorum
935 642 1124 722 constantia
1153 665 1195 718 ac
1230 640 1401 750 verita-q

351 803 415 874 re,
442 803 509 856 nec
533 777 675 854 rationis
700 777 881 864 acumine,
912 771 1119 871 diligentia,
1145 767 1377 860 subtilitate,
1401 790 1402 832 r

352 906 528 988 recentior
552 880 644 982 aetas
662 905 785 980 melius
802 898 1133 1001 quidquam'tule'rit.

401 1033 477 1130 Jam
508 1033 567 1132 qui
592 1050 710 1130 purant
737 1031 943 1108 Ciceronem
976 1025 1084 1124 ipsam
1106 1022 1378 1121 Philosophiam
1404 1076 1405 1092 r

297 1177 304 1194 ¹
355 1181 427 1236 non
454 1159 535 1236 satis
555 1157 770 1258 percepisse,
794 1157 852 1234 sed
878 1153 985 1232 veluti
1001 1147 1217 1250 eloquentiae
1237 1147 1376 1224 instru·
1405 1170 1406 1206 ³

357 1298 512 1382 ¹mentum
540 1284 742 1376 assumfisse,
776 1281 814 1360 hi
833 1305 900 1358 nec
926 1276 1142 1378 eloquentiae
1165 1277 1242 1352 vim
1268 1277 1378 1350 intel·

358 1411 501 1510 ligurrt,
542 1411 581 1488 dt
614 1410 794 1490 Ciceronis
827 1406 1007 1508 ingenium
1039 1403 1115 1500 suae
1143 1405 1208 1502 ipss
1239 1406 1372 1481 merrtir
1408 1456 1409 1486 r

358 1537 523 1637 angustiis
547 1539 745 1614 metiuntur.
780 1533 930 1612 Nostrae
950 1533 1038 1610 haec
1062 1551 1114 1608 est
1140 1533 1273 1606 aetatis
1293 1557 1367 1608 con·
1409 1552 1410 1562 ¹

360 1661 537 1757 suetudo,
570 1685 635 1762 qua
660 1663 835 1761 juvenes,
863 1662 922 1760 qui
950 1663 984 1736 se
1011 1679 1163 1736 oratores
1185 1660 1373 1759 aliquando

364 1790 524 1890 profiteri
547 1792 687 1880 volunt,
712 1787 738 1864 li
761 1787 818 1888 qui
841 1785 921 1862 alias
941 1785 1044 1860 etiarn
1070 1787 1298 1884 eloquentiae
1321 1790 1372 1866 ad·
1412 1838 1413 1904 q

362 1917 506 2016 intrices
539 1913 735 2020 disciplinas
763 1911 969 1996 adhibendas
1005 1913 1066 1988 fibi
1087 1913 1252 2012 judicant
1273 1971 1296 2002 ,.
1322 1941 1370 1990 eas

365 2039 443 2115 sere
474 2043 644 2118 currendo
670 2037 835 2141 gustant,
870 2063 913 2114 ne
942 2063 1057 2116 earum
1085 2039 1275 2136 peritiores
1299 2042 1373 2118 fiant

368 2191 470 2267 quam
505 2189 565 2264 par
601 2163 642 2240 sn
657 2181 686 2254 ,⁴
706 2164 744 2241 de
778 2189 797 2240 a
828 2165 1005 2264 proposito
1042 2167 1112 2242 fine
1147 2165 1371 2246 retardentur.

279 2283 283 2292 ’
368 2293 448 2398 Qua
470 2289 609 2390 quidem
633 2289 851 2366 sellinatione
874 2293 956 2368 illud
977 2293 1118 2392 egregie
1133 2293 1370 2392 assequunnr,

371 2439 418 2494 ne
441 2415 533 2514 justo
563 2415 648 2489 fiant
680 2417 874 2498 doctiores:
908 2416 965 2491 sed
998 2440 1177 2514 praeterea
1210 2419 1371 2494 orationis

372 2566 509 2645 quoque
536 2564 645 2642 genus
672 2545 907 2636 contrahunt,
939 2563 1010 2620 tarn
1037 2546 1152 2620 verbis
1175 2525 1370 2646 exsangue,

372 2697 474 2773 quarn
503 2669 603 2744 rebus
633 2668 797 2767 jejunum.
849 2673 983 2748 Verum
1013 2675 1087 2770 quis
1124 2677 1267 2752 tanuen
1290 2669 1369 2746 haud

373 2797 511 2898 prorsus
533 2797 577 2872 ab
602 2795 815 2895 antiquitatis
846 2797 990 2876 scientia
1016 2799 1127 2892 rudis,
1161 2819 1221 2878 aut
1249 2800 1375 2874 Cicero

343 3023 345 3028 ,
371 2922 428 3004 nis
455 2920 634 3019 ingenium
664 2922 707 2996 ad
733 2919 874 2997 iliorum
905 2924 1083 3000 hominurn
1109 2925 1293 3004 modulum
1319 2927 1383 3004 exi·

374 3070 476 3148 gere,
501 3068 560 3122 aut
581 3048 724 3125 omniuo
749 3049 950 3124 hodiernam
975 3050 1206 3148 eloquentiam
1227 3077 1311 3128 cunr
1333 3078 1387 3128 ve·

376 3175 444 3253 teri
472 3176 635 3252 conferre
657 3176 805 3252 audeat?
830 3174 986 3268 Cicero,
1010 3196 1050 3252 ut
1080 3179 1124 3254 de
1148 3177 1282 3277 reliquis
1307 3179 1392 3274 ejus
1420 3275 1421 3280 Ἰ

374 3302 606 3394 doctrinarum
640 3299 758 3376 studiis
785 3303 832 3378 nil
857 3298 1032 3395 dicamus,
1071 3301 1108 3378 in
1133 3329 1199 3380 una
1220 3303 1392 3403 profecto

375 3426 596 3528 Philosophia
621 3448 754 3506 tantum
777 3451 904 3526 operae
927 3430 1160 3529 temporisque
1180 3431 1396 3526 collocavit,

379 3573 545 3654 quantum
567 3557 627 3634 vix
652 3557 700 3650 ii,
723 3555 782 3654 qui
800 3555 871 3628 hoc
895 3579 998 3632 unum
1022 3578 1149 3658 agunt,
1175 3577 1213 3634 ut
1233 3558 1398 3636 Philoso-

378 3681 441 3782 phi
472 3681 629 3758 dicantur
658 3705 760 3783 atque
790 3682 991 3774 habeantur.
1039 3683 1095 3758 Ac
1125 3705 1170 3758 ne
1196 3685 1300 3758 sorte
1332 3689 1401 3762 hoc

378 3811 519 3886 anobis
535 3827 665 3882 temere
685 3808 813 3886 dietum
836 3810 1015 3902 videatur,
1042 3833 1254 3910 exponemus
1281 3808 1405 3886 veluti

378 3935 418 4012 iu
445 3935 557 4010 tabula
581 3935 670 4010 hanc
690 3953 821 4030 partem
849 3935 943 4010 vitae
965 3936 1221 4038 studiorumque
1249 3935 1407 4014 Cicero

378 4063 444 4144 rtis.
492 4059 636 4162 Eritque
669 4083 709 4138 ea
745 4085 799 4140 res
833 4081 902 4140 tam
923 4063 1020 4142 utilis
1051 4064 1228 4166 suavisque
1264 4065 1313 4140 ad
1349 4091 1408 4140 co·

1218 4194 1418 4292 gnosceu·
