2970 5258
314 545 319 552 ,
416 457 1409 604 rs.ctc‘n.no.nra.'ornun·¹·

409 653 565 770 =verant,
600 691 734 750 tantum
760 671 1053 783 declamaveraut
1129 665 1328 764 Coepirnus
1373 685 1437 742 tur

418 805 520 880 nobis
558 802 787 902 persuadere,
810 784 916 873 ‘nullo
945 795 1013 872 alio
1039 791 1181 871 conlilio
1220 781 1437 868 Ciceronem

418 933 519 1010 nobis
545 927 657 1027 pueris
682 927 719 1002 in
741 945 859 1000 manus
882 920 1000 997 datum
1024 921 1148 1018 fuisse,
1177 944 1282 1019 quarn
1307 939 1352 994 ut
1382 923 1437 996 La

419 1061 495 1136 tine
525 1055 742 1132 disceremus.
794 1052 1008 1156 Quamquam
1033 1073 1104 1125 non
1136 1048 1421 1124 recordabamur

417 1213 485 1266 nos
519 1184 590 1283 ejus
617 1181 765 1257 ledlione
803 1180 987 1279 quidquam
1019 1177 1061 1253 ad
1095 1175 1245 1252 Latinae
1264 1175 1437 1254 orationis

416 1306 619 1401 facultatem
654 1306 851 1410 profecisse.
912 1304 995 1380 Nec
1028 1304 1179 1380 mirum:
1222 1303 1341 1378 verba
1373 1302 1437 1379 fine

417 1448 517 1522 rebus
542 1436 669 1515 tradita
693 1434 880 1512 memoriae
902 1433 1115 1508 effluxerant.
1147 1431 1431 1524 -Veruntamcn,

417 1569 646 1662 dicebamur,
687 1561 746 1640 alii
783 1559 860 1636 sunt
885 1585 915 1636 a.
934 1561 1102 1638 Cicerone
1132 1557 1178 1633 de
1210 1558 1431 1658 Philosophia

416 1693 540 1792 scripti
572 1691 675 1782 libri,
710 1707 845 1788 praeter
867 1687 944 1762 illos
970 1687 1014 1764 de
1042 1686 1207 1765 Officiis:
1243 1685 1333 1762 sunt
1356 1687 1428 1762 Aca·

420 1821 582 1910 demici,
620 1800 832 1904 Tusculani,
864 1811 903 1891 dr
940 1815 984 1890 de
1013 1815 1153 1890 Finibus
1181 1815 1423 1891 Bonorumd·

418 1935 624 2030 Malorum<
661 1946 769 2022 Haec
795 1943 936 2018 nomina
966 1933 1047 2040 quid
1071 1939 1265 2034 sonarent,
1297 1943 1419 2042 quidque

419 2077 485 2153 fibi
511 2077 658 2162 vellent,
683 2093 729 2144 ne
751 2065 1003 2164 suspicabamur
1024 2068 1174 2169 quidem.
1228 2071 1312 2146 Sed
1335 2078 1417 2148 ecce!

417 2219 475 2277 aar
496 2199 602 2272 etum
618 2194 662 2269 ae
685 2193 1012 2272 NaturaDeorum.
1061 2179 1223 2274 ustiure
1238 2197 1325 2275 nne
1339 2200 1416 2276 ama

420 2321 668 2422 compendium
704 2321 762 2394 vel
791 2317 935 2416 systema
966 2323 1185 2423 Theologiae
1223 2325 1417 2404 Naturalis?

420 2452 504 2548 Age
521 2445 697 2544 legamus!
723 2445 915 2525 Exordium
938 2448 1075 2547 elegans
1091 2448 1130 2526 dr
1150 2473 1287 2549 grave:
1314 2457 1366 2531 sed
1379 2477 1420 2530 ta·

416 2601 504 2656 vmeu
526 2592 622 2650 certa
643 2571 835 2672 principia,
861 2575 1035 2654 axiomata
1054 2577 1094 2655 dt
1112 2580 1414 2660 definitionesnal·

420 2707 540 2802 lemna.
589 2698 790 2800 Pergamus!
818 2700 964 2798 Vellejus
980 2704 1126 2802 Epicuri
1149 2705 1360 2786 sententiam
1370 2733 1414 2784 er·

421 2833 555 2934 plicat:
591 2827 720 2903 refellit
743 2851 819 2903 eam
848 2831 962 2906 Cotta.
1013 2833 1055 2906 ln
1084 2832 1235 2910 haccine
1258 2836 1410 2914 refutant

420 2955 593 3057 opinione
614 2971 708 3029 totus
729 2951 817 3028 liber
839 2956 1087 3034 consumendus
1106 2981 1198 3056 erat,
1227 2988 1340 3063 quam
1366 2967 1415 3066 qni·

423 3087 511 3164 libet
533 3104 616 3158 unus
636 3101 679 3155 cx
695 3076 819 3156 nostris
836 3080 1048 3181 philosophis
1065 3109 1135 3162 uno
1148 3085 1220 3163 ittu
1234 3089 1417 3190 profliget?

421 3213 612 3292 Videamus
634 3203 820 3280 secundum
833 3206 973 3288 librum.
1024 3213 1144 3288 Balbus
1168 3215 1337 3292 Divinam
1363 3219 1417 3295 esi

280 3315 296 3406 ⁸·
422 3345 594 3422 Naturam
615 3331 832 3410 demonstrat.
860 3334 1106 3414 Demonstrat?
1130 3343 1207 3417 lmo
1227 3365 1324 3420 vvero
1346 3349 1415 3432 vult,

422 3493 489 3548 nec
511 3463 645 3567 potest!
671 3463 799 3562 Neque
820 3460 914 3538 enim
935 3480 989 3538 est
1002 3487 1242 3563 argumentum
1261 3495 1287 3548 a
1310 3475 1420 3573 priori,

421 3619 534 3697 neque
556 3592 660 3670 etiam
680 3610 917 3688 argumentum
939 3615 959 3666 a
983 3591 1168 3689 posteriori
1191 3595 1362 3678 senobis
1384 3601 1423 3677 ol·

419 3725 505 3802 fert.
528 3781 533 3792 .
556 3711 674 3815 ltaque
699 3715 932 3796 hunclibtum
961 3741 1031 3794 non
1060 3737 1173 3799 totum
1192 3728 1423 3829 perlegamus

415 3871 525 3940 nam,
550 3843 641 3946 quod
666 3841 757 3916 inter
780 3865 845 3916 nos
868 3843 985 3918 dicere
1008 3838 1131 3938 liceat,
1147 3847 1310 3931 difficilis
1333 3856 1423 3932 esta

422 3969 696 4074 intelligendum.
761 3968 975 4048 Accedamus
1010 3975 1054 4049 ad
1091 3973 1262 4054 tertium!
1311 3985 1424 4088 Quill

421 4105 527 4180 Cotta
549 4093 816 4197 disputationem
838 4095 932 4178 Balbi
953 4099 1205 4200 reprehendit,
1240 4105 1339 4190 dicit
1364 4105 1431 4211 qul

1413 4257 1432 4308 a
