2970 5258
285 473 287 478 .
382 431 415 528 ‘r
516 409 1272 516 crc'ononrs'oruna
1346 433 1353 442 ·

396 617 535 702 cens&
556 617 688 711 redux,
713 615 752 694 dr
771 636 890 694 vetera
905 615 1014 692 studia
1036 615 1228 692 renovrvit.
1283 615 1422 718 Neque

399 747 508 826 multo
543 765 649 844 post,
683 743 834 842 ejusdem
866 744 1014 820 Platonis
1048 743 1270 838 imitatione,
1307 744 1421 822 libros

397 873 443 952 de
474 871 627 970 Legibus
650 867 799 967 scripsit:
833 892 976 970 eamque
1004 868 1218 968 disciplinam
1244 893 1291 946 es
1322 872 1421 968 Juris

397 999 510 1076 civilis
539 997 577 1073 dt
608 997 827 1074 formularum¹
852 995 1043 1096 augustiis,
1082 996 1203 1094 quibus
1232 999 1419 1098 hucusque

398 1123 579 1201 conslrisla
603 1125 805 1220 tenebatur,
829 1123 1040 1213 vindicavit,
1065 1121 1224 1222 suamque
1241 1122 1416 1222 eidigoi·

290 1273 292 1284 ’
396 1271 505 1328 tatem
526 1247 691 1343 restituit,
717 1275 797 1329 cum
830 1274 906 1328 eam
930 1275 950 1324 a
970 1249 1101 1326 Divina
1133 1266 1253 1322 natura
1272 1267 1414 1344 repete·

330 1397 336 1408 ’
397 1398 481 1469 ret,
513 1379 673 1476 legesque
704 1377 786 1456 iude
819 1380 981 1471 duceret,
1014 1398 1097 1476 quas
1129 1373 1171 1448 ad
1208 1375 1407 1472 optimum,

397 1527 500 1604 quem
517 1503 553 1579 in
578 1503 672 1578 libris
692 1504 737 1580 de
754 1506 948 1605 Republica
971 1501 1223 1601 exquisiverat,
1258 1503 1405 1582 civitatis

350 1695 355 1700 .
398 1631 521 1706 statum
550 1631 837 1706 accommodaret.
890 1628 994 1732 Quod
1028 1647 1207 1728 utrumque
1232 1651 1329 1728 opus
1348 1634 1403 1712 nih

398 1733 595 1855 temporum
619 1755 741 1854 injuria
763 1758 864 1832 nobis
883 1755 1081 1848 invidisset,
1106 1757 1322 1833 haberemus
1340 1784 1402 1856 pro

278 1924 283 1934 ·
397 1884 521 1976 fedlo,
554 1905 624 1981 quo
652 1883 839 1978 conteuti,
873 1884 980 1958 multu
1005 1883 1253 1989 hodiernorum
1290 1884 1327 1958 iu
1344 1885 1401 1962 lroc

396 2036 529 2112 genere
552 2009 759 2108 compendia
781 2033 821 2084 uc
845 2007 1023 2110 systemata
1046 2009 1148 2086 facile
1169 2029 1399 2086 contemnere

396 2159 483 2212 mus.
536 2133 643 2209 Nunc
671 2137 750 2211 libri
782 2137 826 2212 de
859 2137 1052 2236 R'epublica
1075 2138 1118 2212 ad
1150 2161 1261 2212 unum
1298 2160 1398 2212 omues

379 2245 667 2339 ¹interciderunt:
690 2263 729 2338 dt
757 2267 974 2364 ex·quinque
993 2265 1037 2341 de
1062 2263 1215 2362 Legibus
1244 2279 1323 2336 tres
1342 2281 1396 2336 tru-

397 2406 493 2478 turn,
519 2409 629 2484 neque
650 2387 677 2462 ii
692 2388 838 2490 integri,
863 2393 906 2466 ad
931 2417 992 2468 nos
1008 2407 1254 2492 pervenerunt.
1314 2392 1396 2464 Cere·

384 2499 498 2607 ¹rnm,
531 2533 569 2587 ut
602 2533 839 2614 argumentum
873 2518 943 2593 hoc
974 2543 1052 2594 cum
1094 2517 1286 2616 prudentia
1314 2515 1395 2592 civili

397 2640 559 2740 proxime
582 2640 801 2739 conjunstum
823 2661 917 2738 erat,
944 2645 992 2720 ita
1011 2645 1136 2720 Cicero
1154 2642 1255 2736 alias,
1283 2665 1386 2742 caspe

397 2770 607 2860 interiores,
640 2767 880 2862 Philosophiae
913 2791 1026 2872 partes
1049 2767 1244 2867 explicuit,
1278 2769 1391 2869 polles

397 2917 497 2992 quam
528 2893 564 2966 se
590 2891 841 2992 areipublicae
869 2897 1163 2974 administratione
1192 2895 1398 2972 removisset

395 3019 492 3100 Nam
512 3043 590 3094 cum
615 3020 766 3096 omnium
788 3043 901 3100 rerum
926 3007 1083 3123 poteslas
1097 3024 1140 3102 ad
1161 3045 1268 3100 unum
1294 3025 1401 3100 Caeso

396 3167 471 3220 rem
496 3145 673 3236 rediisset,
699 3148 823 3222 Cicero
843 3147 894 3224 iia
916 3150 951 3222 se
974 3149 1097 3246 gessit,
1134 3169 1171 3223 ot
1193 3168 1257 3226 tarn
1278 3153 1408 3228 huma·

395 3269 536 3361 nitatis,
562 3292 662 3368 quam
687 3275 896 3371 gravitatis,
929 3279 1098 3353 rationem
1119 3278 1278 3356 haberet:
1319 3279 1407 3356 &a

377 3392 608 3498 'reipublicae
638 3397 776 3496 quidem
798 3402 1043 3502 procuratione
1066 3405 1105 3482 dt
1129 3407 1329 3482 caussarum
1353 3431 1408 3507 ps·

374 3525 543 3604 'troclnio
577 3525 740 3618 recessit,
786 3551 831 3604 ne
867 3529 1041 3612 fortunam
1075 3537 1221 3612 alterius·
1242 3533 1411 3610 admirari

393 3651 586 3752 adolerique
616 3673 823 3754 cogeretur:
858 3679 968 3758 neque
990 3680 1104 3736 tamen
1130 3662 1167 3738 se
1188 3663 1338 3740 abdidit
1365 3661 1411 3738 as·

392 3776 569 3884 flixitque,
595 3799 633 3856 ut
660 3779 759 3854 multi
785 3779 980 3876 faciebant,
1005 3785 1083 3880 sed,
1099 3786 1217 3869 -velutl
1246 3809 1299 3864 ex
1328 3809 1416 3864 tem·

391 3905 523 4002 pellate
548 3907 584 3982 lu
614 3926 770 4026 portum,
811 3910 860 3984 ita
882 3909 917 3986 se
938 3909 979 3984 ad
1003 3911 1117 3988 literar
1135 3913 1213 3988 suas
1246 3917 1419 4016 recepit,

391 4031 711 4139 Philosophiamque
733 4016 863 4140 primus
883 4037 1035 4155 ¹bunnae
1057 4041 1221 4120 orationis
1254 4044 1350 4118 luce
1381 4047 1417 4129 il·

1249 4171 1415 4256 ¹lustrare
