2964 5252
372 465 428 554 za·
507 411 1252 564 tonnimsnnnooamnn

370 641 424 716 bat
445 638 606 728 'fortiam
630 637 720 714 cedo
739 639 906 716 futuram!
942 643 1113 740 Superbos
1131 647 1389 743 nanciscendo

368 767 505 858 minos,
538 763 595 866 qui
627 787 682 840 me
708 766 820 866 pretio
842 786 969 844 emtam
990 768 1032 870 ad
1055 769 1205 866 quodvis
1235 778 1388 875 abjiciant

366 889 624 979 ministerium·
639 889 753 966 cibuto
772 895 914 990 parabo,
938 893 1078 970 domum
1101 919 1258 990 verram,
1284 903 1386 986 ianam

367 1019 539 1108 motabm
570 1015 716 1116 denique
738 1015 854 1094 servus
875 1020 977 1094 etiam
1003 1019 1218 1099 matrimonio
1243 1033 1382 1110 mesthi

364 1143 512 1242 jungat,
546 1163 630 1240 quae
653 1146 787 1244 regibus
809 1143 848 1220 ἃ
875 1145 1023 1245 tyrannis
1051 1145 1213 1225 destinata
1233 1152 1375 1248 fueram,-

369 1269 475 1348 Haud
501 1267 657 1367 equidem
673 1293 759 1368 ego,
783 1271 924 1369 fidigna
940 1271 1010 1346 som
1028 1272 1186 1350 Hettore
1200 1276 1299 1353 soror!
1323 1283 1372 1358 lu·

367 1415 444 1470 cent
466 1394 579 1489 potius
606 1393 757 1488 hancce,
784 1397 894 1494 quoad
913 1397 1021 1491 iicet,
1044 1400 1146 1474 libera
1166 1400 1364 1482 intemerata-

364 1543 431 1620 que
447 1518 647 1616 relinquam!
676 1520 812 1622 Quare,
837 1522 980 1615 Ulisses,
1006 1523 1075 1598 duc
1088 1549 1141 1598 nae
1157 1527 1201 1600 ad
1218 1549 1368 1610 mortem.

309 1691 316 1708 ·
368 1643 430 1720 -Τιι
448 1667 561 1750 ¹vero,
585 1663 710 1738 mater,
733 1667 799 1724 nec
820 1647 933 1740 ditio,
958 1673 1022 1726 nec
1044 1652 1155 1743 fatto,
1176 1677 1289 1730 meum
1308 1658 1370 1736 im·

283 1769 285 1778 “
366 1771 447 1870 pedi
471 1771 660 1848 confilium:
686 1771 767 1870 quin
789 1772 903 1871 potius
928 1774 964 1848 in
986 1798 1030 1852 eo
1053 1779 1200 1854 animum
1224 1785 1368 1864 confirma

366 1917 504 1987 meum3
535 1913 574 1970 ut
595 1915 695 1971 antea
714 1897 854 1992 moriar,
884 1921 983 1994 quam
1008 1901 1137 2002 indigni
1159 1908 1240 2006 quid
1260 1913 1363 2010 patiar.

368 2020 614 2117 Ignominiam,
637 2020 697 2095 nin
712 2024 769 2120 qui
785 2024 828 2098 ad
843 2047 917 2100 eam
932 2026 1002 2101 nati
1015 2027 1111 2122 sunt,
1127 2031 1218 2108 fene
1232 2059 1295 2110 non
1308 2036 1365 2111 dis·

365 2165 463 2221 eunt.
489 2147 635 2224 Praestat
648 2149 752 2222 mori!
762 2151 855 2226 Mala
871 2153 943 2227 vita
957 2153 1141 2231 maximum
1157 2179 1209 2261 est
1227 2161 1363 2240 tnaitnn’¹

361 2273 531 2344 Ceterum
552 2272 699 2346 Hecuba
714 2293 784 2350 non
798 2295 914 2372 potest
925 2277 1087 2356 inducere
1108 2285 1313 2381 animum‚ut
1328 2291 1363 2366 fi-

367 2393 444 2468 liam
467 2416 486 2467 a
510 2393 545 2468 se
562 2391 738 2472 dimittat:
762 2400 878 2494 potius
898 2403 986 2502 ipsa,
1012 2408 1069 2482 vel
1092 2409 1178 2484 filiae
1199 2415 1292 2506 iooo,
1313 2414 1360 2489 vel

367 2543 522 2610 cumea,
546 2538 692 2594 mortem
717 2521 812 2598 obire
833 2529 918 2608 vult.
957 2533 1083 2610 Uiitseo
1106 2559 1170 2612 eam
1187 2539 1300 2614 {tustra
1317 2541 1356 2614 ab

365 2645 432 2721 hoc
458 2642 597 2741 incepto
618 2643 826 2728 dehortatur.
870 2655 962 2754 Ergo
977 2661 1046 2760 ipso
1061 2662 1229 2758 Polyxena
1239 2683 1349 2738 utnon·

364 2793 433 2870 que
456 2769 615 2844 admonet
640 2823 664 2861 „
689 2774 867 2870 Concede,
902 2783 1047 2878 Utisses,
1079 2787 1201 2878 matri,
1223 2788 1358 2886 quanin

362 2895 451 2972 ttae
472 2895 547 2970 casu
561 2911 679 2970 natura
694 2897 737 2972 ad
755 2901 836 2978 iram
854 2903 935 2984 facit
951 2911 1152 3009 proniorem.
1200 2917 1358 3012 Tutatio,

358 3039 494 3110 mater,
519 3019 586 3094 noli
610 3037 689 3095 cuna
713 3021 908 3106 fortioribus
930 3059 1097 3136 pugnare:
1129 3037 1201 3113 noli
1228 3039 1360 3114 commit·

366 3163 460 3237 tere,
475 3163 515 3223 ut
537 3165 654 3222 roanos
677 3147 739 3220 tibi
754 3148 959 3252 inferantur,
982 3160 1021 3240 oz
1039 3183 1079 3240 ut
1094 3165 1312 3268 hujus'etiam
1322 3169 1360 3244 in-

363 3269 539 3370 dignitatis
562 3270 712 3346 dolorem
732 3293 799 3371 ego
818 3283 1010 3382 percipiam.
1061 3293 1198 3392 Porrige
1212 3295 1297 3372 mihi
1310 3319 1362 3370 ma·

355 3415 471 3484 num,
502 3393 542 3473 tc
563 3416 684 3496 genam
697 3396 804 3499 junge
829 3428 956 3503 genae3
987 3413 1072 3492 haec
1094 3419 1184 3494 enim
1209 3441 1364 3520 postremi

369 3540 424 3598 est
446 3525 524 3599 lux:
557 3523 712 3598 ultimum
732 3543 768 3600 te
789 3527 953 3631 alloquor,
978 3542 1054 3618 vale
1076 3565 1246 3640 omer,
1271 3569 1365 3644 oge-

355 3647 493 3740 =nitrit,
519 3649 605 3726 abeo
628 3649 671 3729 ad
695 3649 832 3732 inferos.
870 3662 920 3738 H.
943 3665 1020 3766 Ego
1040 3692 1127 3748 vero
1153 3675 1249 3752 serva
1265 3675 1367 3750 lucem

364 3771 563 3874 adspiciam!
595 3775 632 3849 Ρ.
656 3775 759 3854 Abeo
781 3777 956 3886 inexperta
981 3796 1073 3890 tori,
1104 3823 1174 3902 quo
1197 3824 1256 3876 me
1276 3797 1369 3899 potiti

367 3898 559 3996 oportebat.
605 3901 656 3978 H.
680 3902 739 3981 Ah
764 3908 917 3992 miseram
946 3936 1011 4015 te,
1047 3947 1103 4000 me
1130 3925 1384 4037 aetutnnosant!¹

368 4022 411 4108 P.
434 4023 514 4110 stne
536 4043 591 4126 te,
620 4047 731 4115 mater
752 4036 843 4138 opud
862 4038 991 4128 infero
1013 4052 1092 4148 eno!
1118 4052 1170 4134 H.
1193 4056 1283 4160 Heu
1298 4049 1367 4151 quit

349 4183 361 4224 ς
700 4181 706 4194 ’
822 4197 825 4202 ·
1265 4199 1376 4282 agam,
