2964 5252
234 445 615 544 nnnnnronns
652 445 999 576 nnnvronnn
1053 478 1122 554 13³
1168 397 1172 427 ⁴

123 633 192 712 tun
216 632 390 710 fortunam
415 634 449 710 ei
473 651 662 730 precemur.
696 629 866 718 Primum,
891 630 983 730 quod
999 631 1037 708 in
1057 633 1127 710 hoc

123 758 304 838 volumine
325 759 423 836 nobit
446 759 626 850 occurrit,
658 752 707 830 est
734 748 908 852 epistota,
942 758 979 834 in
1001 783 1065 856 qua
1089 761 1129 838 li·

122 887 226 962 brum
248 885 344 960 suum
365 887 582 962 Maecenatis
605 881 777 978 cujusdam
798 884 930 983 nomini
951 883 1127 982 inscribit,

117 1013 222 1108 plena
246 983 478 1104 adulationis,
511 1033 612 1110 quam
638 1009 708 1084 fine
731 1011 960 1086 controversia
991 1013 1126 1113 ingenii

114 1136 261 1234 largitor
284 1157 406 1214 venter
432 1136 587 1215 dictavit.
640 1136 743 1232 Cujua
764 1137 914 1214 rectione
936 1139 1036 1216 finita
1056 1143 1123 1218 ini·

114 1263 276 1364 quiafimo
308 1263 387 1341 sane
427 1265 544 1340 animo
577 1263 714 1338 tulimus
748 1265 958 1340 eruditorum
998 1250 1138 1367 majorix

108 1389 286 1490 stipendio
310 1391 518 1468 inhiantium
538 1390 808 1490 impudentiam,
834 1411 1019 1488 eorumque
1042 1395 1123 1472 adu·
1239 1366 1245 1378 ³

108 1519 205 1592 landi
228 1519 417 1614 lubidinem
439 1515 595 1592 detestati
611 1517 732 1596 sumus.
782 1509 849 1592 Sed
867 1537 904 1590 ut
920 1540 995 1590 eam
1015 1509 1119 1592 omit·

107 1659 250 1734 tamur,
281 1643 324 1750 ad
357 1645 508 1742 primum
543 1669 605 1722 noa
634 1642 833 1741 opusculum
856 1643 1117 1737 convertimus,

109 1773 149 1842 da
185 1771 256 1844 uita
299 1761 343 1854 &⁵
374 1768 506 1871 scriptis
548 1773 595 1874 Q
628 1771 767 1846 ‘cervini
803 1771 966 1845 Scaeuolae
1006 1772 1114 1866 JCtr',

106 1895 201 1994 quod
234 1895 421 1972 Conradiua
460 1896 543 1971 olim
582 1895 717 1994 Lipssae
752 1897 788 1974 in
830 1897 951 1996 vulgus
985 1897 1114 1991 edidit,

103 2019 147 2100 dt
169 2024 239 2100 hoc
275 2024 313 2102 in
347 2027 428 2100 luco
470 2019 559 2096 curia
599 2017 754 2096 secundis
779 2014 1003 2120 'perpolitum
1039 2025 1111 2096 col·

100 2147 245 2229 locavit.
297 2151 356 2226 De
378 2173 447 2250 quo
465 2147 581 2224 libello
607 2166 645 2222 ut
670 2148 860 2246 generatim
882 2145 1031 2222 nostram
1054 2147 1108 2222 di·

98 2295 216 2350 camut
240 2272 463 2365 sententiam,
488 2275 592 2348 multa
616 2270 654 2346 in
678 2271 739 2346 illo
755 2273 893 2370 quidem
915 2271 1109 2372 diligentia,

96 2403 205 2478 multa
228 2401 383 2480 doctrina
408 2415 606 2495 comparet,
632 2408 734 2494 atqu'e
761 2397 901 2470 dicendi
933 2420 1041 2493 genus
1064 2399 1105 2474 dt
1138 2437 1143 2446 .

95 2551 220 2626 purum
251 2547 303 2606 est
336 2525 375 2603 ἁ
408 2523 621 2616 castigatum.
681 2519 749 2594 Sed
784 2518 823 2595 dt
849 2522 956 2596 multu
988 2523 1024 2598 in
1061 2545 1106 2598 eo
1169 2554 1172 2571 ·

93 2654 290 2755 communia
319 2667 423 2746 atque
455 2644 602 2740 protrita
633 2647 847 2744 reperimur,
879 2669 990 2746 neque
1015 2671 1100 2722 con·

93 2777 239 2878 gerendi
262 2771 347 2848 illud
370 2769 520 2846 studium
542 2771 747 2868 probamus,
763 2760 841 2871 ¹qun
857 2774 1005 2850 maxime
1019 2797 1101 2874 per·
1200 2792 1202 2801 ’
1231 2800 1237 2806 ·
1320 2751 1326 2766 ’

90 2903 204 2980 tinent
228 2923 293 2990 ea,
331 2919 418 2998 quae
449 2897 493 2972 de
517 2896 658 2972 nomine
689 2898 735 3001 Q
762 2901 899 2976 Caruidt'r'
928 2901 1097 2979 Scaeuolae

90 3029 122 3130 5.
149 3055 183 3109 1.
214 3027 398 3105 duodecim
429 3023 565 3124 paginis
597 3025 703 3101 nimia
733 3025 810 3102 sane
840 3044 942 3124 atque
974 3027 1096 3108 misera

89 3155 269 3254 diligentia
292 3153 441 3230 corrasst.
511 3151 593 3258 Quo
617 3149 732 3250 itaque
757 3175 827 3246 ea,
860 3177 947 3252 quae
969 3153 1014 3230 de
1038 3177 1095 3232 cc·

17 3341 22 3352 .
92 3281 177 3356 leun
203 3283 293 3378 JCto
317 3307 337 3356 a
362 3283 414 3356 cr.
435 3279 607 3356 conano
629 3281 698 3354 rate
725 3276 893 3377 disputata
915 3280 1017 3375 sunt,
1054 3285 1094 3362 in
1240 3257 1244 3266 ’

91 3406 234 3507 gratiam
267 3405 432 3484 lectorum
463 3405 499 3482 in
525 3429 632 3505 pauca
665 3405 915 3501 conferamus,
947 3409 1094 3511 vestigia

91 3531 159 3628 ejus
183 3529 369 3631 sequamur.
423 3535 572 3610 Primum
593 3523 708 3632 itaque
730 3537 925 3640 nomenQ.
953 3539 1091 3618 Carnium
1172 3547 1175 3554 '

86 3659 249 3734 Scaeuolae
275 3657 310 3732 in
335 3673 413 3734 tuto
435 3661 649 3750 collocatur,
679 3682 746 3758 qua
770 3659 806 3735 in
836 3682 875 3734 re
891 3661 991 3738 nobia
1015 3688 1087 3744 nnn

87 3783 238 3882 displicet
273 3785 324 3861 ct
351 3786 513 3862 Conradii
546 3785 742 3862 observatio
774 3813 807 3886 p·
838 3811 896 3864 aa.
950 3793 1088 3868 cernunt

85 3923 207 3992 numen
238 3935 278 3992 a*
294 3911 407 3990 Cannio
435 3913 619 4006 ducentia,
651 3912 811 4014 quuniam
843 3914 959 3992 fimilia
993 3924 1088 4001 ratin

571 4041 589 4116 I
615 4069 636 4142 3
895 4053 902 4060 '
1033 4057 1085 4116 eat
