2904 5248
149 450 1036 602 inopinatissimavotis.
1090 511 1112 602 ι

153 693 241 767 sunt
277 705 432 786 qunque,
457 681 578 782 quibus
611 683 773 763 videatur
801 686 923 762 horum
946 683 1112 760 libt'osuni
1176 690 1182 701 '

101 807 174 898 lasus
201 833 410 912 magnopere
440 811 631 906 imminui,
665 812 757 912 quod
789 811 866 884 sete
895 831 941 884 ex
969 809 1112 884 Graecis

101 937 256 1026 sontibus
284 939 380 1016 duui
404 939 479 1018 sunt.
533 941 668 1044 Quibus
697 939 837 1040 quidem
861 935 1027 1012 facillime
1050 945 1111 1010 oe·

102 1073 260 1150 noritur
318 1069 467 1168 Neque
477 1068 572 1144 enim
601 1068 727 1144 Citero
760 1067 974 1142 Graecorum
1004 1062 1129 1177 libros„
1242 1111 1246 1118 ,

99 1199 144 1278 ad
167 1202 314 1276 sethum
335 1189 461 1274 Latine
486 1195 619 1290 vertit,
649 1195 708 1272 sed
732 1193 871 1271 suam'
846 1217 889 1267 ιιι
914 1190 1110 1281 rationein,

96 1325 198 1410 suunt
219 1325 389 1425 judicium
421 1347 465 1398 ac
494 1325 609 1402 lumen
638 1321 807 1400 adhibuit.
859 1313 1109 1406 Vernulas,

96 1479 180 1532 aunt
201 1454 250 1530 nil
273 1451 365 1528 aliud
386 1475 488 1552 quatu
510 1451 645 1530 Graeca
669 1451 793 1528 latine
816 1443 969 1523 vertisses
1021 1439 1109 1546 Quis
1132 1531 1136 1554 a

96 1584 234 1662 ideitco
257 1583 360 1679 paulo
384 1576 568 1654 humanior
588 1579 661 1676 ejus
687 1578 731 1654 de
755 1568 978 1671 Philosophia
1003 1569 1109 1644 llbros

98 1715 212 1790 miuus
234 1713 361 1808 probet
380 1729 483 1806 atque
506 1697 682 1780 miraturi
707 1703 838 1798 Nune,
861 1704 897 1778 in
923 1716 1021 1774 tanto
1046 1711 1109 1771 ve·
1236 1747 1242 1764 ,

98 1851 213 1918 letum
236 1833 442 1932 mussagm,
473 1849 519 1906 eo
541 1829 652 1927 magis
678 1853 698 1906 a
727 1829 825 1904 nobis
848 1825 1007 1923 legendi,
1042 1823 1111 1898 ullo

97 1963 223 2058 mus,
247 1959 288 2038 uz
311 1959 349 2035 in
377 1958 550 2060 primatiis
578 1954 705 2032 vetetis
724 1951 966 2049 Philosophiae
988 1964 1111 2040 ιιιιιιιιΙ

95 2091 224 2171 inentis
249 2089 387 2184 colendi
410 2089 520 2167 sunt,

102 2277 108 2288 .
155 2219 261 2295 Aliud
294 2235 346 2292 est
369 2235 478 2313 genus
510 2221 650 2300 ιοιιιιιι,
675 2204 735 2303 qul
763 2188 876 2300 ajunt,
902 2191 1106 2279 c'ieeroneus

94 2346 318 2428 mediocriter
343 2331 586 2437 Philosophiae
601 2334 752 2434 petitum
777 2327 898 2404 fuisset
925 2327 997 2404 sive
1011 2329 1107 2426 quod
1142 2315 1145 2322 ’

92 2475 237 2565 levites,
261 2465 303 2545 tic
323 2483 486 2566 quantum
506 2461 586 2537 satis
604 2460 694 2534 esset
708 2457 752 2530 ad
767 2453 912 2528 oratoris
929 2453 1105 2544 officium,

91 2621 170 2678 eam
191 2577 380 2695 attigisset:
405 2591 499 2676 ssve,
522 2585 615 2682 quod
640 2605 682 2654 ea
703 2575 792 2673 apud
807 2578 966 2672 antiquos
989 2575 1106 2652 Philus

90 2725 238 2823 sophiae
260 2715 380 2789 suisset
404 2709 584 2798 conditio,
619 2719 707 2804 quae
735 2725 814 2776 cum
838 2717 902 2789 eu,
926 2701 986 2798 qul
1012 2723 1107 2778 nunt

166 2883 169 2886 ·
93 2837 382 2940 ast‚splen'dote
404 2835 465 2910 vin
492 2831 684 2931 comparati
708 2827 823 2928 possit.
875 2829 1031 2926 Magnae
1046 2825 1108 2904 hie

92 2967 337 3074 disputationis
362 2963 517 3063 aperitur
545 2977 711 3059 tompus,
743 2958 788 3032 de
809 2956 937 3032 veteris
964 2953 1107 3027 hodier

93 3118 228 3200 noeque
251 3089 493 3188 Philosophiae
520 3093 784 3186 comparatione
835 3085 934 3187 Quae
961 3104 1041 3156 eum
1062 3077 1105 3155 sss

92 3243 148 3308 'ses
172 3247 256 3302 ιιι
263 3218 418 3295 omnium
437 3215 641 3292 oifficillinsa
665 3213 707 3288 ad
737 3197 1021 3308 dijudicandum,
1053 3224 1105 3284 ta

93 3377 178 3436 men
201 3352 278 3426 sete
302 3363 341 3421 ut
357 3346 499 3442 quisque
515 3361 570 3418 est
591 3341 709 3416 rudior
727 3341 773 3414 ab
794 3335 1005 3434 antiquitatis
1023 3335 1104 3432 usu,

93 3473 147 3562 ita
170 3481 215 3556 de
240 3499 281 3551 ea
300 3471 417 3550 statuit
437 3469 606 3548 audacius.
658 3465 736 3543 Nos
758 3463 940 3562 quominus
959 3463 998 3536 in
1026 3465 1103 3536 canl
1189 3473 1195 3486 ‘

92 3605 364 3724 disputationem
386 3599 636 3699 digrediamui,
662 3588 810 3672 instituti
843 3587 950 3664 nostri
977 3579 1104 3664 finibus

94 3738 330 3848 prohibemur.
381 3731 440 3804 De
461 3748 503 3802 ea
517 3723 656 3825 quidem
672 3717 913 3817 Philosophiae
929 3733 1046 3816 parte,
1063 3713 1102 3790 in

93 3893 161 3970 qua
177 3855 303 3940 Cicero
325 3855 475 3934 versatus
497 3870 571 3943 est,
595 3851 665 3925 hoc
688 3847 727 3922 uz
743 3836 944 3922 affirmamus
959 3843 998 3919 s&
1017 3865 1102 3917 com

94 3991 286 4079 tendimus,
312 4007 388 4061 eam
411 3983 460 4057 ita
483 3999 563 4056 cum
586 3978 628 4053 ab
650 3975 726 4076 ipso
745 3975 937 4065 Cicerone,
961 3991 1035 4046 tunt
1056 3969 1102 4043 ab

92 4119 168 4201 aliia
197 4115 345 4218 antiquis
367 4109 566 4215 explicitam
592 4091 685 4201 esse,
716 4120 755 4182 ut
782 4125 857 4204 net
872 4097 974 4202 eopia
997 4111 1102 4298 atque·

554 4232 591 4316 A
616 4255 638 4310 u
1005 4235 1026 4297 u
1052 4243 1105 4296 et·
