2964 5252
357 473 409 554 tt
508 433 818 526 uunrrrurs
847 427 1257 514 runcorornrr

357 635 497 715 untione
512 625 557 702 ἃ
576 605 796 698 'onsurorum
815 595 1115 710 interpretatione,
1140 608 1391 712 spethbirnur

410 749 625 852 Tragoediae
645 746 736 845 ipsae
759 743 864 816 tribus
886 738 1106 814 continentur
1126 736 1310 836 prioribus
1329 755 1390 814 vo

360 883 563 970 luminibus,
590 875 631 949 ad
650 874 776 946 calcem
794 869 955 965 cujusque
969 862 1150 940 voluminis
1167 866 1387 942 animadver-

273 1033 276 1042 '
361 1011 508 1091 {ionibus
535 1001 682 1102 adjeffls.
707 992 924 1094 Musgruvii,
958 993 1061 1066 tertio
1091 989 1229 1090 quidem
1259 997 1389 1073 addirk

360 1137 469 1210 etiarn
498 1125 693 1228 fragmentis
724 1123 931 1219 perditarum
953 1120 1228 1216 tragoediarum:
1257 1141 1383 1220 quarto

365 1258 666 1360 comprehenditur
688 1252 809 1326 Latina
840 1245 949 1324 velsto
969 1247 1145 1343 vulgaris,
1178 1249 1220 1321 ab
1242 1247 1378 1322 editore

369 1387 483 1462 multis
504 1381 585 1454 lotis
603 1382 783 1477 castigata,
801 1373 839 1454 u
856 1372 990 1450 Scholia
1007 1371 1144 1471 antiqua
1164 1390 1265 1449 antea
1279 1373 1375 1472 saepe

363 1537 430 1612 per
454 1509 619 1582 editiones
639 1507 783 1603 vulgata,
832 1595 840 1612 x
980 1529 985 1537 ’
1025 1495 1029 1502 ’

418 1631 734 1713 Animadversiones
766 1630 885 1702 breves
915 1629 1020 1719 sunt,
1058 1628 1181 1728 quippe
1212 1647 1305 1726 quae·
1336 1627 1380 1703 ad

363 1766 512 1865 primum
548 1757 718 1856 pertinent
757 1756 944 1865 volumen,
979 1781 1048 1854 quo
1080 1758 1137 1829 serr
1166 1757 1380 1832 continentur

336 1925 338 1932 ·
366 1893 521 1980 fabulae,
546 1909 613 1962 non
648 1867 733 1958 ultra
756 1903 894 1956 centurn
919 1879 1219 1981 &duodeviginti
1243 1884 1378 1982 paginas

371 2035 577 2104 excurrunt,
602 2009 640 2086 δι
663 2008 697 2084 in
718 2006 850 2104 reliquis
869 2007 1094 2084 voluminibus
1110 2008 1152 2081 ad
1169 2010 1311 2082 eundem
1326 2007 1376 2080 fe·

369 2169 411 2219 re
431 2117 594 2216 modum:
629 2133 781 2208 constant
803 2135 947 2207 maxime
975 2133 1197 2211 illustratione
1227 2139 1379 2212 emenda·

368 2269 531 2364 'tioneque
561 2266 710 2359 locorum
745 2259 957 2351 difficilium,
993 2259 1031 2336 u
1064 2265 1380 2338 commemoratione

368 2388 763 2477 ornamentorum,
788 2409 858 2472 non
882 2383 1016 2485 quiden‘r
1043 2391 1207 2488 omniurn,
1242 2390 1301 2483 sep
1325 2413 1382 2462 ea.

374 2547 469 2610 rum,
486 2511 571 2618 quae
593 2517 735 2614 aliquam
752 2515 822 2590 vim
846 2515 888 2589 ad
908 2515 1055 2590 eritioern
1070 2513 1229 2590 rationem
1249 2515 1381 2588 habere

371 2646 582 2723 'viderentun
643 2640 812 2718 Pruefat'io
837 2641 947 2716 brevis
974 2659 1036 2716 est.
1093 2639 1378 2738 &insequuntur

371 2747 620 2868 Mosclropuh',
650 2770 806 2843 Thomae
828 2767 998 2866 Magistri,
1023 2768 1062 2844 ἃ
1084 2769 1128 2843 Α.
1146 2764 1263 2858 Gellii,
1277 2789 1383 2840 narraa

373 2897 544 2970 tiunculae
580 2897 623 2969 de
659 2897 732 2972 vita
766 2894 970 2992 'Euripidin'
1015 2893 1162 2992 Adjecta
1200 2909 1252 2964 ert
1281 2891 1382 2965 Chro

371 3021 508 3121 nologia
536 3022 695 3115 scenica,
737 3027 778 3096 ab
813 3019 981 3120 Euripidis
1020 3021 1089 3093 nati
1136 3040 1311 3118 ternpore,
1344 3018 1386 3092 ad

372 3149 447 3246 ejus
475 3169 652 3237 mortem,
693 3147 843 3220 breviter
878 3144 917 3221 &
946 3165 1104 3221 accurate
1133 3173 1153 3222 a
1186 3144 1387 3242 Musgravio

378 3275 557 3370 defignuta.
621 3271 776 3348 Tereum
815 3275 1012 3363 Graecum,-
1048 3299 1150 3372 quern
1189 3265 1385 3370 expresserit

373 3401 617 3498 Musgravius‚
640 3397 950 3498 non'srgnificatur:
975 3401 1071 3475 nobis
1090 3400 1386 3476 commelinianun

379 3529 526 3602 maxine
554 3527 688 3602 secutus
722 3526 870 3602 videtur.
934 3527 1027 3602 Libri
1066 3529 1181 3628 scripti
1210 3528 1386 3602 maximam

372 3639 513 3751 parre'm'
534 3653 609 3728 sunt
629 3653 778 3742 Parilini,
796 3679 839 3728 err
860 3653 1061 3730 bibliotheca
1075 3655 1193 3754 regia:
1224 3655 1280 3746 sex
1312 3650 1388 3726 sunt

373 3793 542 3872 numeru,
569 3804 708 3878 quotum
731 3780 812 3855 alius
834 3781 965 3878 plures,
992 3783 1073 3856 alius
1096 3779 1272 3880 pauciores
1290 3777 1391 3850 habet

363 3907 531 3996 =fabulas,
556 3906 663 3981 nullus
684 3929 818 4004 ornnes,
845 3931 929 4011 quae
953 3907 1137 4007 supersunt.
1189 3909 1274 3980 Duo
1297 3925 1392 4003 prae·

378 4045 474 4113 ‘terea
504 4059 548 4114 ex
578 4025 696 4115 eaden
726 4016 926 4114 bibliotheca
957 4035 1073 4112 habuit
1112 4035 1266 4132 exempla
1302 4032 1395 4131 typis

378 4179 389 4194 ·
507 4186 513 4196 ·
1194 4190 1205 4217 ·
1337 4180 1398 4230 err--
