2904 5248
376 469 424 547 rr
636 455 1140 579 nuuuraxnnm
1227 408 1230 418 ¹

361 654 366 677 '
423 642 583 719 Tandem
598 665 683 718 vero
699 639 797 716 desiit
811 661 911 717 aurea
929 641 1017 718 baec
1038 656 1150 736 actae,
1175 633 1291 716 seculo
1305 639 1399 715 He‹

283 845 290 858 ,
377 769 473 870 girae
489 767 768 864 ociavo,Christi
782 766 1065 866 decimoquinto,
1082 753 1254 864 rediitt'rue
1270 763 1392 862 pristi-

377 919 420 970 na
437 899 634 998 barbaries,
657 919 744 995 quae
765 917 912 972 aetatem
936 895 1117 1000 secundam
1139 893 1393 971 infuscaverat.

377 1025 482 1126 Quod
508 1046 591 1100 tunc
617 1023 765 1118 accidit,
792 1049 871 1102 cum
896 1023 1087 1116 Timurur,
1114 1019 1186 1125 stye
1206 1019 1396 1096 Temeria·

377 1173 464 1243 nea,
489 1151 548 1249 qui
579 1172 707 1248 paucos
737 1151 799 1227 fibi
828 1173 925 1252 parea
950 1147 1092 1240 habuit,
1117 1145 1156 1222 asc
1189 1145 1294 1222 laude
1318 1147 1392 1220 bei-

373 1275 447 1350 sica
472 1331 483 1366 ,
510 1273 549 1350 ἃ
565 1275 671 1350 selici
704 1251 892 1366 annorum⁷
909 1271 1092 1367 successu,
1117 1297 1197 1350 euru
1223 1274 1391 1350 innume-

377 1397 539 1474 rabilibus
576 1401 687 1497 copiis
719 1403 901 1478 Orientem
934 1399 1157 1502 pervaderet,
1182 1396 1221 1475 δι
1249 1397 1389 1473 univer·

376 1523 447 1603 suan
462 1521 573 1600 ferme
589 1527 704 1602 Asrarn
719 1529 755 1602 in
770 1527 974 1627 potestatem
985 1528 1076 1604 suam
1091 1525 1287 1625 redigeret.
1302 1527 1389 1600 Nam

378 1652 646 1750 primoquidem
661 1651 714 1726 bis
730 1673 800 1728 tarn
818 1656 965 1746 crebris,
992 1653 1201 1752 diutinisque
1220 1649 1329 1724 bellis
1343 1651 1389 1724 de·

254 1865 257 1874 ¹
382 1779 604 1853 trahebantur
619 1753 759 1874 ingenia
773 1801 793 1852 a
808 1779 982 1854 literarum
1000 1779 1118 1854 studiis
1134 1777 1175 1852 ad
1191 1794 1290 1850 artes
1302 1777 1389 1852 belii·

381 1927 438 1978 cas
461 1959 472 1994 ,
497 1925 579 1976 mox
602 1923 711 1994 vero,
736 1925 814 1978 cunr
840 1927 945 1980 nemo
971 1903 1081 2017 esset,
1106 1901 1165 2000 qui
1188 1889 1388 1980 recedenter

258 2117 261 2124 μ
382 2029 498 2128 literar
516 2045 721 2114 revocaret,
748 2024 834 2100 haec
860 2047 952 2104 tanta
974 2056 1015 2105 ac
1036 2049 1106 2106 tarn
1123 2031 1303 2128 praeclara
1325 2033 1388 2132 giu·

381 2151 433 2224 ria
460 2148 510 2222 ita
530 2147 665 2244 prorsus
694 2147 993 2250 exstinguebatur,
1021 2173 1059 2228 ut
1082 2157 1210 2229 nullum
1227 2155 1304 2230 sere
1323 2157 1388 2254 eju

380 2275 568 2373 vestigium
589 2273 695 2348 hodie
712 2276 802 2350 inter
817 2280 948 2352 Arabes
964 2300 1146 2377 appareat,
1173 2304 1319 2380 quorum
1337 2282 1388 2352 du

385 2396 515 2474 &rinae
538 2398 646 2490 ratio,
671 2399 865 2492 srestulla‚
891 2405 977 2479 levir
994 2423 1044 2478 est
1060 2381 1274 2506 &'exigua,
1301 2405 1388 2482 &ab

385 2526 525 2624 antiqua
550 2523 607 2602 illa
628 2543 731 2635 atque
752 2527 903 2625 eleganti
928 2528 1123 2625 rongisfime
1146 2551 1298 2608 remota

435 2655 482 2728 Et
497 2653 585 2728 haec
600 2651 739 2752 quidem
755 2651 964 2728 videbantur
975 2675 1019 2727 err
1033 2654 1174 2728 historia
1182 2656 1339 2734 Arabum
1356 2659 1383 2731 i·

382 2783 507 2856 teraria
526 2781 679 2853 breviter
687 2779 955 2886 praemittenda:
982 2779 1072 2878 quod
1091 2777 1172 2852 ideo
1194 2780 1385 2878 praesertin

385 2903 582 2981 faciendum
600 2903 889 2996 existimavimus,
908 2927 1012 2996 curn,
1037 2927 1082 2979 ne
1096 2905 1167 3002 ipsa
1185 2905 1302 2981 statim
1318 2907 1390 2982 libri

386 3033 530 3116 Arabici
553 3029 692 3107 censura
713 3053 734 3104 a
756 3029 904 3125 legendo
929 3027 1117 3104 deterreret
1132 3053 1211 3124 eos,
1237 3033 1392 3130 quisunt

387 3163 426 3234 in
449 3159 517 3230 hoc
539 3156 726 3231 studiorum
744 3175 872 3253 genere
888 3155 1000 3232 minua
1016 3158 1219 3251 exercitati,
1246 3177 1337 3248 turn,
1352 3179 1396 3234 ut

386 3286 557 3360 discerent
582 3281 689 3356 iidem
708 3283 751 3356 de
772 3281 1026 3382 praestantia&
1043 3283 1192 3360 utilitate
1212 3283 1336 3358 barum
1355 3285 1398 3360 ii·

277 3467 280 3478 .
387 3433 539 3486 terarum
567 3409 661 3485 reete
688 3429 796 3508 ,atque
818 3429 861 3482 ex
879 3427 965 3482 vero
976 3407 1144 3504 judicare.
1197 3409 1403 3507 Progredia-

388 3563 466 3616 rnur
488 3535 624 3612 candem
639 3534 681 3608 ad
700 3533 753 3626 id,
780 3533 875 3632 cujus
892 3537 1004 3612 caussa
1018 3538 1109 3611 hanc
1124 3533 1400 3635 disputationem

388 3663 608 3762 suscepimus.
662 3659 799 3733 Etenim
822 3661 866 3734 de
894 3661 1090 3758 Abulfeda,
1115 3665 1253 3763 ejusque
1277 3667 1402 3765 operi·

391 3795 455 3868 bus
476 3789 537 3864 vix
553 3805 687 3884 poterat
700 3785 779 3860 satis
793 3808 952 3864 accurate
968 3789 1118 3889 exponi,
1145 3789 1208 3864 nisi
1223 3809 1333 3866 antea
1351 3816 1406 3866 co·

395 3916 641 4017 gnosceretur,
667 3939 831 4018 quaenam
842 3913 981 4012 fuisset,
1007 3915 1083 4016 ipso
1103 3913 1275 4012 vivente,
1296 3917 1408 4015 (vixit

1283 4067 1412 4124 autern
