<?xml version="1.0" encoding="UTF-8"?>
<!DOCTYPE html PUBLIC "-//W3C//DTD XHTML 1.0 Transitional//EN"
    "http://www.w3.org/TR/xhtml1/DTD/xhtml1-transitional.dtd">
<html xmlns="http://www.w3.org/1999/xhtml" xml:lang="en" lang="en">
 <head>
  <title>
</title>
<meta http-equiv="Content-Type" content="text/html;charset=utf-8" />
  <meta name='ocr-system' content='tesseract 3.04.00' />
  <meta name='ocr-capabilities' content='ocr_page ocr_carea ocr_par ocr_line ocrx_word'/>
</head>
<body>
  <div class='ocr_page' id='page_1' title='image "./bibliothecacrit01wyttgoog_0426.png"; bbox 0 0 2964 5252; ppageno 0'>
   <div class='ocr_carea' id='block_1_1' title="bbox 241 533 1099 655">
    <p class='ocr_par' dir='ltr' id='par_1_1' title="bbox 241 533 1099 655">
     <span class='ocr_line' id='line_1_1' title="bbox 241 533 1099 655; baseline 0.005 -27"><span class='ocrx_word' id='word_1_1' title='bbox 241 533 502 630; x_wconf 72' lang='lat' dir='ltr'>&#39;annotat</span> <span class='ocrx_word' id='word_1_2' title='bbox 528 553 562 628; x_wconf 90' lang='lat' dir='ltr'>s.</span> <span class='ocrx_word' id='word_1_3' title='bbox 587 553 953 635; x_wconf 76' lang='lat' dir='ltr'>musena-vn.</span> <span class='ocrx_word' id='word_1_4' title='bbox 1072 547 1099 655; x_wconf 70' lang='grc' dir='ltr'>’ς</span> 
     </span>
    </p>
   </div>
   <div class='ocr_carea' id='block_1_2' title="bbox 8 723 1246 2456">
    <p class='ocr_par' dir='ltr' id='par_1_2' title="bbox 8 723 1246 2456">
     <span class='ocr_line' id='line_1_2' title="bbox 88 723 1097 829; baseline 0.004 -27"><span class='ocrx_word' id='word_1_5' title='bbox 88 727 145 825; x_wconf 82' lang='lat' dir='ltr'>qui</span> <span class='ocrx_word' id='word_1_6' title='bbox 165 723 317 802; x_wconf 78' lang='lat' dir='ltr'>animum&#39;</span> <span class='ocrx_word' id='word_1_7' title='bbox 336 725 378 802; x_wconf 85' lang='lat' dir='ltr'>ad</span> <span class='ocrx_word' id='word_1_8' title='bbox 404 727 628 824; x_wconf 84' lang='lat' dir='ltr'>Tragoediam</span> <span class='ocrx_word' id='word_1_9' title='bbox 653 729 838 827; x_wconf 87' lang='lat' dir='ltr'>adjiceret,</span> <span class='ocrx_word' id='word_1_10' title='bbox 862 732 1000 829; x_wconf 69' lang='lat' dir='ltr'>ejusque</span> <span class='ocrx_word' id='word_1_11' title='bbox 1023 728 1097 806; x_wconf 67' lang='lat' dir='ltr'>‘son&#39;</span> 
     </span>
     <span class='ocr_line' id='line_1_3' title="bbox 8 849 1096 952; baseline 0.003 -23"><span class='ocrx_word' id='word_1_12' title='bbox 8 865 10 902; x_wconf 81' lang='lat'><em>³</em></span> <span class='ocrx_word' id='word_1_13' title='bbox 87 853 176 932; x_wconf 81' lang='lat' dir='ltr'>mam</span> <span class='ocrx_word' id='word_1_14' title='bbox 203 873 306 951; x_wconf 66' lang='lat' dir='ltr'>atque</span> <span class='ocrx_word' id='word_1_15' title='bbox 328 853 500 928; x_wconf 80' lang='lat' dir='ltr'>materiam</span> <span class='ocrx_word' id='word_1_16' title='bbox 526 853 578 932; x_wconf 88' lang='lat' dir='ltr'>ita</span> <span class='ocrx_word' id='word_1_17' title='bbox 607 849 724 932; x_wconf 80' lang='lat' dir='ltr'>denuo¹</span> <span class='ocrx_word' id='word_1_18' title='bbox 740 855 915 952; x_wconf 80' lang='lat' dir='ltr'>,digereret</span> <span class='ocrx_word' id='word_1_19' title='bbox 944 852 985 930; x_wconf 86' lang='lat' dir='ltr'>ac</span> <span class='ocrx_word' id='word_1_20' title='bbox 1014 857 1096 933; x_wconf 90' lang='lat' dir='ltr'>desr·</span> 
     </span>
     <span class='ocr_line' id='line_1_4' title="bbox 87 957 1091 1080; baseline 0.004 -26"><span class='ocrx_word' id='word_1_21' title='bbox 87 997 204 1078; x_wconf 87' lang='lat' dir='ltr'>gnaret</span> <span class='ocrx_word' id='word_1_22' title='bbox 219 987 246 1067; x_wconf 87' lang='lat'>,&#39;</span> <span class='ocrx_word' id='word_1_23' title='bbox 263 984 308 1056; x_wconf 85' lang='lat' dir='ltr'>ut·</span> <span class='ocrx_word' id='word_1_24' title='bbox 333 957 704 1076; x_wconf 83' lang='lat' dir='ltr'>intelligentissimorum</span> <span class='ocrx_word' id='word_1_25' title='bbox 737 976 910 1053; x_wconf 90' lang='lat' dir='ltr'>hominum</span> <span class='ocrx_word' id='word_1_26' title='bbox 936 983 1091 1080; x_wconf 80' lang='lat' dir='ltr'>judicio,</span> 
     </span>
     <span class='ocr_line' id='line_1_5' title="bbox 86 1081 1093 1205; baseline 0.014 -30"><span class='ocrx_word' id='word_1_27' title='bbox 86 1102 271 1180; x_wconf 84' lang='lat' dir='ltr'>summain</span> <span class='ocrx_word' id='word_1_28' title='bbox 301 1129 349 1194; x_wconf 88' lang='lat' dir='ltr'>eo</span> <span class='ocrx_word' id='word_1_29' title='bbox 379 1081 524 1202; x_wconf 79' lang='lat' dir='ltr'>tragicae</span> <span class='ocrx_word' id='word_1_30' title='bbox 546 1107 686 1204; x_wconf 86' lang='lat' dir='ltr'>poeseos</span> <span class='ocrx_word' id='word_1_31' title='bbox 719 1109 773 1181; x_wconf 84' lang='lat' dir='ltr'>vis</span> <span class='ocrx_word' id='word_1_32' title='bbox 803 1125 914 1205; x_wconf 60' lang='lat' dir='ltr'>‘atque</span> <span class='ocrx_word' id='word_1_33' title='bbox 944 1111 1093 1196; x_wconf 77' lang='lat' dir='ltr'>mensura</span> 
     </span>
     <span class='ocr_line' id='line_1_6' title="bbox 88 1229 755 1307; baseline 0.004 -7"><span class='ocrx_word' id='word_1_34' title='bbox 88 1229 271 1304; x_wconf 83' lang='lat' dir='ltr'>constitisse</span> <span class='ocrx_word' id='word_1_35' title='bbox 297 1230 482 1307; x_wconf 87' lang='lat' dir='ltr'>videretur.</span> <span class='ocrx_word' id='word_1_36' title='bbox 751 1243 755 1250; x_wconf 82' lang='lat'>&#39;</span> 
     </span>
     <span class='ocr_line' id='line_1_7' title="bbox 135 1355 1094 1456; baseline 0.01 -28"><span class='ocrx_word' id='word_1_37' title='bbox 135 1355 265 1454; x_wconf 86' lang='lat' dir='ltr'>Neque</span> <span class='ocrx_word' id='word_1_38' title='bbox 285 1359 374 1432; x_wconf 89' lang='lat' dir='ltr'>enim</span> <span class='ocrx_word' id='word_1_39' title='bbox 399 1361 550 1450; x_wconf 85' lang='lat' dir='ltr'>tantum,</span> <span class='ocrx_word' id='word_1_40' title='bbox 584 1361 676 1456; x_wconf 88' lang='lat' dir='ltr'>quod</span> <span class='ocrx_word' id='word_1_41' title='bbox 701 1383 772 1437; x_wconf 88' lang='lat' dir='ltr'>erat</span> <span class='ocrx_word' id='word_1_42' title='bbox 800 1367 836 1440; x_wconf 90' lang='lat' dir='ltr'>in</span> <span class='ocrx_word' id='word_1_43' title='bbox 856 1363 954 1439; x_wconf 88' lang='lat' dir='ltr'>scena</span> <span class='ocrx_word' id='word_1_44' title='bbox 974 1359 1016 1436; x_wconf 71' lang='lat' dir='ltr'>de</span> <span class='ocrx_word' id='word_1_45' title='bbox 1041 1385 1094 1438; x_wconf 84' lang='lat' dir='ltr'>or-</span> 
     </span>
     <span class='ocr_line' id='line_1_8' title="bbox 84 1481 1097 1582; baseline 0.003 -29"><span class='ocrx_word' id='word_1_46' title='bbox 84 1497 168 1553; x_wconf 87' lang='lat' dir='ltr'>natu</span> <span class='ocrx_word' id='word_1_47' title='bbox 198 1481 303 1556; x_wconf 86' lang='lat' dir='ltr'>inanis</span> <span class='ocrx_word' id='word_1_48' title='bbox 329 1504 474 1578; x_wconf 86' lang='lat' dir='ltr'>pompae</span> <span class='ocrx_word' id='word_1_49' title='bbox 506 1505 547 1554; x_wconf 87' lang='lat' dir='ltr'>ac</span> <span class='ocrx_word' id='word_1_50' title='bbox 583 1485 733 1582; x_wconf 91' lang='lat' dir='ltr'>speciei,</span> <span class='ocrx_word' id='word_1_51' title='bbox 768 1487 1004 1575; x_wconf 84' lang='lat' dir='ltr'>circumcidit,</span> <span class='ocrx_word' id='word_1_52' title='bbox 1038 1483 1097 1558; x_wconf 92' lang='lat' dir='ltr'>sed</span> 
     </span>
     <span class='ocr_line' id='line_1_9' title="bbox 51 1601 1099 1708; baseline 0.004 -30"><span class='ocrx_word' id='word_1_53' title='bbox 51 1612 55 1618; x_wconf 86' lang='lat'>&#39;</span> <span class='ocrx_word' id='word_1_54' title='bbox 88 1605 254 1680; x_wconf 84' lang='lat' dir='ltr'>orationis·</span> <span class='ocrx_word' id='word_1_55' title='bbox 275 1601 493 1699; x_wconf 71' lang='lat' dir='ltr'>nesenyleae</span> <span class='ocrx_word' id='word_1_56' title='bbox 532 1606 852 1708; x_wconf 84' lang='lat' dir='ltr'>grandiloquentiam</span> <span class='ocrx_word' id='word_1_57' title='bbox 899 1637 942 1687; x_wconf 84' lang='lat' dir='ltr'>ac·</span> <span class='ocrx_word' id='word_1_58' title='bbox 980 1611 1099 1692; x_wconf 85' lang='lat' dir='ltr'>sonum</span> 
     </span>
     <span class='ocr_line' id='line_1_10' title="bbox 88 1727 1099 1832; baseline 0.007 -30"><span class='ocrx_word' id='word_1_59' title='bbox 88 1729 312 1826; x_wconf 70' lang='lat' dir='ltr'>temperavit-3</span> <span class='ocrx_word' id='word_1_60' title='bbox 337 1727 396 1819; x_wconf 76' lang='lat' dir='ltr'>tit,</span> <span class='ocrx_word' id='word_1_61' title='bbox 421 1731 511 1827; x_wconf 82' lang='lat' dir='ltr'>quod</span> <span class='ocrx_word' id='word_1_62' title='bbox 535 1733 606 1829; x_wconf 81' lang='lat' dir='ltr'>ejus</span> <span class='ocrx_word' id='word_1_63' title='bbox 622 1733 671 1804; x_wconf 86' lang='lat' dir='ltr'>rei</span> <span class='ocrx_word' id='word_1_64' title='bbox 690 1757 792 1832; x_wconf 85' lang='lat' dir='ltr'>caput</span> <span class='ocrx_word' id='word_1_65' title='bbox 815 1757 906 1828; x_wconf 88' lang='lat' dir='ltr'>erat,</span> <span class='ocrx_word' id='word_1_66' title='bbox 931 1737 1099 1811; x_wconf 75' lang='lat' dir='ltr'>aclioncm</span> 
     </span>
     <span class='ocr_line' id='line_1_11' title="bbox 85 1853 1093 1958; baseline 0.002 -26"><span class='ocrx_word' id='word_1_67' title='bbox 85 1859 183 1932; x_wconf 82' lang='lat' dir='ltr'>auxit</span> <span class='ocrx_word' id='word_1_68' title='bbox 209 1853 599 1952; x_wconf 67' lang='lat' dir='ltr'>variamquereddditg-</span> <span class='ocrx_word' id='word_1_69' title='bbox 626 1857 763 1956; x_wconf 70' lang='lat' dir='ltr'>adestis</span> <span class='ocrx_word' id='word_1_70' title='bbox 786 1861 934 1958; x_wconf 90' lang='lat' dir='ltr'>pluribus</span> <span class='ocrx_word' id='word_1_71' title='bbox 960 1860 1093 1934; x_wconf 85' lang='lat' dir='ltr'>histrio·</span> 
     </span>
     <span class='ocr_line' id='line_1_12' title="bbox 88 1979 1102 2083; baseline 0.002 -29"><span class='ocrx_word' id='word_1_72' title='bbox 88 1982 206 2072; x_wconf 85' lang='lat' dir='ltr'>nibus,</span> <span class='ocrx_word' id='word_1_73' title='bbox 221 1979 497 2079; x_wconf 77' lang='lat' dir='ltr'>&#39;ipsius-denique</span> <span class='ocrx_word' id='word_1_74' title='bbox 525 1993 761 2083; x_wconf 81' lang='lat' dir='ltr'>argumentum</span> <span class='ocrx_word' id='word_1_75' title='bbox 781 1989 912 2062; x_wconf 84' lang='lat' dir='ltr'>fabulae</span> <span class='ocrx_word' id='word_1_76' title='bbox 941 1984 982 2058; x_wconf 87' lang='lat' dir='ltr'>ad</span> <span class='ocrx_word' id='word_1_77' title='bbox 1005 2000 1102 2056; x_wconf 77' lang='lat' dir='ltr'>natta·</span> 
     </span>
     <span class='ocr_line' id='line_1_13' title="bbox 88 2108 1104 2209; baseline -0.003 -28"><span class='ocrx_word' id='word_1_78' title='bbox 88 2131 147 2182; x_wconf 87' lang='lat' dir='ltr'>rae</span> <span class='ocrx_word' id='word_1_79' title='bbox 179 2109 360 2184; x_wconf 89' lang='lat' dir='ltr'>veritatem</span> <span class='ocrx_word' id='word_1_80' title='bbox 396 2109 706 2209; x_wconf 71' lang='lat' dir='ltr'>simplicitatemque</span> <span class='ocrx_word' id='word_1_81' title='bbox 749 2111 926 2204; x_wconf 75' lang='lat' dir='ltr'>descripsit.</span> <span class='ocrx_word' id='word_1_82' title='bbox 993 2108 1104 2202; x_wconf 83' lang='lat' dir='ltr'>Igitur</span> 
     </span>
     <span class='ocr_line' id='line_1_14' title="bbox 89 2223 1246 2334; baseline -0.002 -28"><span class='ocrx_word' id='word_1_83' title='bbox 89 2232 178 2308; x_wconf 83' lang='lat' dir='ltr'>adeo</span> <span class='ocrx_word' id='word_1_84' title='bbox 198 2237 363 2310; x_wconf 88' lang='lat' dir='ltr'>velociter</span> <span class='ocrx_word' id='word_1_85' title='bbox 391 2233 434 2308; x_wconf 88' lang='lat' dir='ltr'>ad</span> <span class='ocrx_word' id='word_1_86' title='bbox 463 2235 587 2334; x_wconf 88' lang='lat' dir='ltr'>ingenii</span> <span class='ocrx_word' id='word_1_87' title='bbox 612 2238 742 2309; x_wconf 86' lang='lat' dir='ltr'>laudem</span> <span class='ocrx_word' id='word_1_88' title='bbox 765 2233 940 2322; x_wconf 82' lang='lat' dir='ltr'>evolavit,</span> <span class='ocrx_word' id='word_1_89' title='bbox 977 2251 1017 2304; x_wconf 90' lang='lat' dir='ltr'>ut</span> <span class='ocrx_word' id='word_1_90' title='bbox 1042 2232 1100 2304; x_wconf 86' lang='lat' dir='ltr'>sex</span> <span class='ocrx_word' id='word_1_91' title='bbox 1208 2323 1212 2326; x_wconf 30' lang='grc'><strong>,</strong></span> <span class='ocrx_word' id='word_1_92' title='bbox 1243 2223 1246 2234; x_wconf 84' lang='grc'><strong>’</strong></span> 
     </span>
     <span class='ocr_line' id='line_1_15' title="bbox 88 2355 1101 2456; baseline -0.004 -24"><span class='ocrx_word' id='word_1_93' title='bbox 88 2356 130 2432; x_wconf 75' lang='lat' dir='ltr'>cit</span> <span class='ocrx_word' id='word_1_94' title='bbox 153 2356 280 2456; x_wconf 82' lang='lat' dir='ltr'>viginti</span> <span class='ocrx_word' id='word_1_95' title='bbox 303 2381 400 2436; x_wconf 84' lang='lat' dir='ltr'>natus</span> <span class='ocrx_word' id='word_1_96' title='bbox 431 2383 534 2434; x_wconf 87' lang='lat' dir='ltr'>annos</span> <span class='ocrx_word' id='word_1_97' title='bbox 559 2361 667 2456; x_wconf 88' lang='lat' dir='ltr'>ipsum</span> <span class='ocrx_word' id='word_1_98' title='bbox 698 2357 904 2448; x_wconf 84' lang='lat' dir='ltr'>Aeschylum</span> <span class='ocrx_word' id='word_1_99' title='bbox 934 2355 1101 2429; x_wconf 87' lang='lat' dir='ltr'>vinceret.</span> 
     </span>
    </p>
   </div>
   <div class='ocr_carea' id='block_1_3' title="bbox 86 2459 1183 4330">
    <p class='ocr_par' dir='ltr' id='par_1_3' title="bbox 86 2459 1183 4330">
     <span class='ocr_line' id='line_1_16' title="bbox 86 2459 1101 2585; baseline -0.01 -29"><span class='ocrx_word' id='word_1_100' title='bbox 86 2483 183 2558; x_wconf 86' lang='lat' dir='ltr'>Nam</span> <span class='ocrx_word' id='word_1_101' title='bbox 209 2501 286 2561; x_wconf 77' lang='lat' dir='ltr'>carm</span> <span class='ocrx_word' id='word_1_102' title='bbox 312 2459 512 2585; x_wconf 78' lang='lat' dir='ltr'>olympiadis</span> <span class='ocrx_word' id='word_1_103' title='bbox 535 2479 792 2575; x_wconf 78' lang='lat' dir='ltr'>septuagesimae</span> <span class='ocrx_word' id='word_1_104' title='bbox 822 2475 983 2570; x_wconf 90' lang='lat' dir='ltr'>septimae</span> <span class='ocrx_word' id='word_1_105' title='bbox 1011 2497 1101 2548; x_wconf 85' lang='lat' dir='ltr'>anno</span> 
     </span>
     <span class='ocr_line' id='line_1_17' title="bbox 87 2597 1099 2704; baseline -0.014 -21"><span class='ocrx_word' id='word_1_106' title='bbox 87 2597 228 2704; x_wconf 67' lang='lat' dir='ltr'>quarto,</span> <span class='ocrx_word' id='word_1_107' title='bbox 252 2609 392 2702; x_wconf 72' lang='lat' dir='ltr'>psopter</span> <span class='ocrx_word' id='word_1_108' title='bbox 409 2605 547 2676; x_wconf 84' lang='lat' dir='ltr'>inventa</span> <span class='ocrx_word' id='word_1_109' title='bbox 564 2619 800 2696; x_wconf 85' lang='lat' dir='ltr'>reportataque</span> <span class='ocrx_word' id='word_1_110' title='bbox 813 2625 832 2672; x_wconf 86' lang='lat' dir='ltr'>a</span> <span class='ocrx_word' id='word_1_111' title='bbox 846 2599 986 2674; x_wconf 89' lang='lat' dir='ltr'>Cimone</span> <span class='ocrx_word' id='word_1_112' title='bbox 1005 2599 1099 2670; x_wconf 89' lang='lat' dir='ltr'>The-</span> 
     </span>
     <span class='ocr_line' id='line_1_18' title="bbox 88 2721 1101 2823; baseline 0 -21"><span class='ocrx_word' id='word_1_113' title='bbox 88 2729 137 2802; x_wconf 92' lang='lat' dir='ltr'>sei</span> <span class='ocrx_word' id='word_1_114' title='bbox 165 2729 263 2818; x_wconf 88' lang='lat' dir='ltr'>ossa,</span> <span class='ocrx_word' id='word_1_115' title='bbox 296 2730 441 2802; x_wconf 86' lang='lat' dir='ltr'>solemne</span> <span class='ocrx_word' id='word_1_116' title='bbox 477 2726 642 2823; x_wconf 86' lang='lat' dir='ltr'>tragicum</span> <span class='ocrx_word' id='word_1_117' title='bbox 675 2721 889 2800; x_wconf 86' lang='lat' dir='ltr'>instituissent</span> <span class='ocrx_word' id='word_1_118' title='bbox 930 2739 1101 2802; x_wconf 85' lang='lat' dir='ltr'>certamen</span> 
     </span>
     <span class='ocr_line' id='line_1_19' title="bbox 88 2847 1102 2946; baseline -0.005 -18"><span class='ocrx_word' id='word_1_119' title='bbox 88 2851 334 2942; x_wconf 84' lang='lat' dir='ltr'>Athenienses,</span> <span class='ocrx_word' id='word_1_120' title='bbox 360 2875 406 2926; x_wconf 84' lang='lat' dir='ltr'>ex</span> <span class='ocrx_word' id='word_1_121' title='bbox 421 2849 574 2926; x_wconf 90' lang='lat' dir='ltr'>omnibus</span> <span class='ocrx_word' id='word_1_122' title='bbox 595 2849 704 2945; x_wconf 85' lang='lat' dir='ltr'>poetis</span> <span class='ocrx_word' id='word_1_123' title='bbox 725 2848 795 2922; x_wconf 93' lang='lat' dir='ltr'>duo</span> <span class='ocrx_word' id='word_1_124' title='bbox 815 2848 873 2922; x_wconf 94' lang='lat' dir='ltr'>soli</span> <span class='ocrx_word' id='word_1_125' title='bbox 889 2847 982 2946; x_wconf 88' lang='lat' dir='ltr'>digni</span> <span class='ocrx_word' id='word_1_126' title='bbox 1003 2849 1102 2925; x_wconf 81' lang='lat' dir='ltr'>vide·</span> 
     </span>
     <span class='ocr_line' id='line_1_20' title="bbox 89 2959 1104 3075; baseline -0.006 -26"><span class='ocrx_word' id='word_1_127' title='bbox 89 2979 213 3050; x_wconf 83' lang='lat' dir='ltr'>bantur</span> <span class='ocrx_word' id='word_1_128' title='bbox 235 2977 398 3054; x_wconf 68' lang='lat' dir='ltr'>vistoriae</span> <span class='ocrx_word' id='word_1_129' title='bbox 421 2978 590 3075; x_wconf 87' lang='lat' dir='ltr'>praemio,</span> <span class='ocrx_word' id='word_1_130' title='bbox 623 2974 809 3071; x_wconf 81' lang='lat' dir='ltr'>Aeschylus</span> <span class='ocrx_word' id='word_1_131' title='bbox 827 2959 870 3048; x_wconf 54' lang='lat'>⁵&amp;</span> <span class='ocrx_word' id='word_1_132' title='bbox 889 2975 1071 3072; x_wconf 87' lang='lat' dir='ltr'>Sophocles</span> <span class='ocrx_word' id='word_1_133' title='bbox 1087 3030 1104 3064; x_wconf 25' lang='lat'>,1</span> 
     </span>
     <span class='ocr_line' id='line_1_21' title="bbox 88 3097 1103 3204; baseline -0.005 -29"><span class='ocrx_word' id='word_1_134' title='bbox 88 3102 151 3198; x_wconf 90' lang='lat' dir='ltr'>qui</span> <span class='ocrx_word' id='word_1_135' title='bbox 188 3117 263 3176; x_wconf 87' lang='lat' dir='ltr'>tum</span> <span class='ocrx_word' id='word_1_136' title='bbox 302 3104 457 3204; x_wconf 47' lang='lat' dir='ltr'>primum·</span> <span class='ocrx_word' id='word_1_137' title='bbox 489 3103 632 3176; x_wconf 88' lang='lat' dir='ltr'>fabulam</span> <span class='ocrx_word' id='word_1_138' title='bbox 673 3097 845 3189; x_wconf 83' lang='lat' dir='ltr'>docebat,</span> <span class='ocrx_word' id='word_1_139' title='bbox 889 3100 979 3175; x_wconf 89' lang='lat' dir='ltr'>inter</span> <span class='ocrx_word' id='word_1_140' title='bbox 1018 3121 1103 3195; x_wconf 89' lang='lat' dir='ltr'>quos</span> 
     </span>
     <span class='ocr_line' id='line_1_22' title="bbox 89 3218 1101 3326; baseline -0.005 -24"><span class='ocrx_word' id='word_1_141' title='bbox 89 3227 247 3303; x_wconf 67' lang='lat' dir='ltr'>distrasia</span> <span class='ocrx_word' id='word_1_142' title='bbox 271 3249 365 3304; x_wconf 86' lang='lat' dir='ltr'>erant</span> <span class='ocrx_word' id='word_1_143' title='bbox 387 3229 610 3326; x_wconf 73' lang='lat' dir='ltr'>spectatorum</span> <span class='ocrx_word' id='word_1_144' title='bbox 634 3218 756 3313; x_wconf 82' lang='lat' dir='ltr'>studia,</span> <span class='ocrx_word' id='word_1_145' title='bbox 783 3243 923 3322; x_wconf 76' lang='lat' dir='ltr'>eamque</span> <span class='ocrx_word' id='word_1_146' title='bbox 944 3229 988 3300; x_wconf 89' lang='lat' dir='ltr'>oh</span> <span class='ocrx_word' id='word_1_147' title='bbox 1006 3249 1101 3300; x_wconf 89' lang='lat' dir='ltr'>caus-</span> 
     </span>
     <span class='ocr_line' id='line_1_23' title="bbox 89 3337 1110 3449; baseline -0.004 -22"><span class='ocrx_word' id='word_1_148' title='bbox 89 3353 160 3427; x_wconf 83' lang='lat' dir='ltr'>sam</span> <span class='ocrx_word' id='word_1_149' title='bbox 180 3337 313 3449; x_wconf 72' lang='lat' dir='ltr'>judices</span> <span class='ocrx_word' id='word_1_150' title='bbox 336 3351 525 3432; x_wconf 85' lang='lat' dir='ltr'>certaminis</span> <span class='ocrx_word' id='word_1_151' title='bbox 555 3351 660 3424; x_wconf 85' lang='lat' dir='ltr'>nullos</span> <span class='ocrx_word' id='word_1_152' title='bbox 684 3349 820 3423; x_wconf 83' lang='lat' dir='ltr'>sortitus</span> <span class='ocrx_word' id='word_1_153' title='bbox 851 3371 922 3424; x_wconf 86' lang='lat' dir='ltr'>erat</span> <span class='ocrx_word' id='word_1_154' title='bbox 951 3353 1110 3428; x_wconf 74' lang='lat' dir='ltr'>Praetor:</span> 
     </span>
     <span class='ocr_line' id='line_1_24' title="bbox 89 3473 1106 3580; baseline -0.003 -24"><span class='ocrx_word' id='word_1_155' title='bbox 89 3475 216 3556; x_wconf 83' lang='lat' dir='ltr'>Cimon</span> <span class='ocrx_word' id='word_1_156' title='bbox 238 3475 344 3580; x_wconf 86' lang='lat' dir='ltr'>igitur</span> <span class='ocrx_word' id='word_1_157' title='bbox 359 3478 448 3573; x_wconf 90' lang='lat' dir='ltr'>ipse,</span> <span class='ocrx_word' id='word_1_158' title='bbox 485 3499 562 3550; x_wconf 87' lang='lat' dir='ltr'>cum</span> <span class='ocrx_word' id='word_1_159' title='bbox 589 3477 623 3548; x_wconf 91' lang='lat' dir='ltr'>in</span> <span class='ocrx_word' id='word_1_160' title='bbox 646 3475 813 3548; x_wconf 87' lang='lat' dir='ltr'>theatrum</span> <span class='ocrx_word' id='word_1_161' title='bbox 839 3473 1033 3572; x_wconf 84' lang='lat' dir='ltr'>prodiisset,</span> <span class='ocrx_word' id='word_1_162' title='bbox 1065 3475 1106 3553; x_wconf 71' lang='grc' dir='ltr'><strong>ἃ</strong></span> 
     </span>
     <span class='ocr_line' id='line_1_25' title="bbox 89 3599 1112 3698; baseline -0.003 -19"><span class='ocrx_word' id='word_1_163' title='bbox 89 3603 256 3680; x_wconf 82' lang='lat' dir='ltr'>solemnes</span> <span class='ocrx_word' id='word_1_164' title='bbox 280 3606 358 3676; x_wconf 91' lang='lat' dir='ltr'>Deo</span> <span class='ocrx_word' id='word_1_165' title='bbox 379 3601 553 3678; x_wconf 87' lang='lat' dir='ltr'>libationes</span> <span class='ocrx_word' id='word_1_166' title='bbox 580 3599 743 3690; x_wconf 83' lang='lat' dir='ltr'>fecisset,</span> <span class='ocrx_word' id='word_1_167' title='bbox 775 3600 923 3690; x_wconf 81' lang='lat' dir='ltr'>decem,</span> <span class='ocrx_word' id='word_1_168' title='bbox 947 3625 1033 3698; x_wconf 85' lang='lat' dir='ltr'>quos</span> <span class='ocrx_word' id='word_1_169' title='bbox 1054 3604 1112 3677; x_wconf 89' lang='lat' dir='ltr'>se··</span> 
     </span>
     <span class='ocr_line' id='line_1_26' title="bbox 89 3725 1115 3828; baseline -0.006 -22"><span class='ocrx_word' id='word_1_170' title='bbox 89 3725 353 3824; x_wconf 79' lang='lat' dir='ltr'>cumduxetat,</span> <span class='ocrx_word' id='word_1_171' title='bbox 377 3729 518 3828; x_wconf 86' lang='lat' dir='ltr'>collegas</span> <span class='ocrx_word' id='word_1_172' title='bbox 538 3728 744 3824; x_wconf 84' lang='lat' dir='ltr'>sacramento</span> <span class='ocrx_word' id='word_1_173' title='bbox 759 3725 890 3824; x_wconf 86' lang='lat' dir='ltr'>adegit,</span> <span class='ocrx_word' id='word_1_174' title='bbox 905 3749 950 3800; x_wconf 89' lang='lat' dir='ltr'>ne</span> <span class='ocrx_word' id='word_1_175' title='bbox 962 3727 1055 3823; x_wconf 86' lang='lat' dir='ltr'>prius</span> <span class='ocrx_word' id='word_1_176' title='bbox 1064 3747 1115 3800; x_wconf 78' lang='lat' dir='ltr'>er</span> 
     </span>
     <span class='ocr_line' id='line_1_27' title="bbox 92 3847 1183 3954; baseline -0.003 -25"><span class='ocrx_word' id='word_1_177' title='bbox 92 3855 233 3930; x_wconf 81' lang='lat' dir='ltr'>theatro</span> <span class='ocrx_word' id='word_1_178' title='bbox 259 3853 417 3954; x_wconf 81' lang='lat' dir='ltr'>abirem,</span> <span class='ocrx_word' id='word_1_179' title='bbox 448 3877 547 3951; x_wconf 88' lang='lat' dir='ltr'>quam</span> <span class='ocrx_word' id='word_1_180' title='bbox 569 3853 613 3927; x_wconf 92' lang='lat' dir='ltr'>de</span> <span class='ocrx_word' id='word_1_181' title='bbox 635 3847 777 3929; x_wconf 75' lang='lat' dir='ltr'>vitioria</span> <span class='ocrx_word' id='word_1_182' title='bbox 800 3852 1022 3950; x_wconf 86' lang='lat' dir='ltr'>Tragicorum</span> <span class='ocrx_word' id='word_1_183' title='bbox 1039 3851 1104 3940; x_wconf 81' lang='lat' dir='ltr'>sla·</span> <span class='ocrx_word' id='word_1_184' title='bbox 1179 3882 1183 3892; x_wconf 83' lang='lat'><em>·</em></span> 
     </span>
     <span class='ocr_line' id='line_1_28' title="bbox 92 3975 1119 4077; baseline -0.005 -22"><span class='ocrx_word' id='word_1_185' title='bbox 92 3978 247 4055; x_wconf 84' lang='lat' dir='ltr'>tuissent.</span> <span class='ocrx_word' id='word_1_186' title='bbox 286 3975 448 4056; x_wconf 83' lang='lat' dir='ltr'>,Nullum</span> <span class='ocrx_word' id='word_1_187' title='bbox 467 4001 623 4077; x_wconf 85' lang='lat' dir='ltr'>umquam</span> <span class='ocrx_word' id='word_1_188' title='bbox 651 3977 760 4053; x_wconf 82' lang='lat' dir='ltr'>fertur</span> <span class='ocrx_word' id='word_1_189' title='bbox 783 3977 884 4053; x_wconf 84' lang='lat' dir='ltr'>fuisse</span> <span class='ocrx_word' id='word_1_190' title='bbox 915 3979 1119 4052; x_wconf 83' lang='lat' dir='ltr'>certaminis·</span> 
     </span>
     <span class='ocr_line' id='line_1_29' title="bbox 86 4083 1121 4204; baseline -0.004 -22"><span class='ocrx_word' id='word_1_191' title='bbox 86 4102 299 4204; x_wconf 70' lang='lat' dir='ltr'>judium,</span> <span class='ocrx_word' id='word_1_192' title='bbox 315 4103 408 4201; x_wconf 82' lang='lat' dir='ltr'>quod</span> <span class='ocrx_word' id='word_1_193' title='bbox 428 4121 524 4184; x_wconf 80' lang='lat' dir='ltr'>tanta</span> <span class='ocrx_word' id='word_1_194' title='bbox 545 4105 729 4183; x_wconf 64' lang='lat' dir='ltr'>enbitiuue</span> <span class='ocrx_word' id='word_1_195' title='bbox 750 4103 789 4186; x_wconf 78' lang='lat' dir='ltr'>tit</span> <span class='ocrx_word' id='word_1_196' title='bbox 818 4083 1121 4183; x_wconf 58' lang='lat' dir='ltr'>aninortuu&#39;con?</span> 
     </span>
     <span class='ocr_line' id='line_1_30' title="bbox 632 4231 1107 4330; baseline 0.011 -18"><span class='ocrx_word' id='word_1_197' title='bbox 632 4231 715 4330; x_wconf 85' lang='lat' dir='ltr'>A3</span> <span class='ocrx_word' id='word_1_198' title='bbox 1028 4249 1107 4317; x_wconf 58' lang='lat' dir='ltr'>tene</span> 
     </span>
    </p>
   </div>
   <div class='ocr_carea' id='block_1_4' title="bbox 0 0 1487 5252">
    <p class='ocr_par' dir='ltr' id='par_1_4' title="bbox 0 0 1487 5252">
     <span class='ocr_line' id='line_1_31' title="bbox 0 0 1487 5252; baseline 0 0"><span class='ocrx_word' id='word_1_199' title='bbox 0 0 1487 5252; x_wconf 95' lang='lat' dir='ltr'> </span> 
     </span>
    </p>
   </div>
  </div>
 </body>
</html>
