2904 5248
286 577 287 580 ,
383 545 410 603 2
505 468 1268 592 crcohorursoerhh

384 703 462 786 fieri
486 715 627 802 potest,
661 692 706 769 de
725 689 793 766 hac
824 683 999 762 doslrioao
1021 695 1119 781 parte
1150 679 1243 756 bene
1274 677 1415 756 mereri

388 827 593 912 studeamus.
729 825 737 837 '
1170 827 1175 835 '

437 961 484 1036 Et
508 979 613 1044 vero,
647 935 761 1049 gravit
790 959 885 1018 error
912 935 1154 1034 plerorumque
1183 931 1330 1008 animos
1352 961 1416 1010 oc·

389 1081 556 1184 cupavit,
583 1077 642 1178 qui
673 1073 711 1148 ἃ
729 1067 791 1168 ipsr
816 1065 1014 1160 crederent,
1037 1061 1076 1138 δι
1101 1060 1176 1135 aliis
1197 1063 1303 1138 etiam
1323 1088 1416 1161 per·

381 1204 528 1286 'suadere
559 1215 782 1288 tormentit,
821 1194 859 1270 io
892 1191 1072 1268 Ciceronis
1101 1186 1150 1266 de
1178 1187 1414 1289 Hrilosophia

387 1332 504 1423 libris,
530 1323 854 1416 orationit‚tantum
881 1317 991 1396 inesse
1027 1318 1260 1408 suavitatem,
1294 1339 1406 1396 rerum

389 1483 431 1533 ac
468 1454 613 1530 rationis
650 1447 891 1552 praestantiam
923 1447 1112 1546 exiguam
1144 1467 1275 1520 eorum
1308 1447 1403 1544 igitur

391 1583 577 1662 lechonem
604 1579 694 1655 haud
716 1577 873 1654 inutilem
895 1571 966 1646 esse
982 1571 1046 1664 iit,
1061 1569 1121 1669 qui
1138 1573 1336 1648 verborum
1350 1599 1399 1650 or·
1420 1647 1421 1652 ,

391 1733 510 1788 tratum
528 1705 825 1794 consectarentur,
841 1701 912 1778 noh
928 1699 1016 1774 item
1029 1699 1092 1780 iit,
1105 1697 1165 1797 qui
1179 1696 1343 1796 ipsamm
1358 1724 1398 1774 re·

391 1862 467 1914 turn
499 1853 628 1912 certam
660 1828 838 1906 scientiam
871 1845 1083 1929 quaererent.
1140 1827 1283 1926 Neque
1309 1829 1394 1906 etiarr

392 1965 536 2042 istorum
562 1984 667 2037 unum
688 1975 741 2032 ert
762 1947 803 2032 ac
824 1955 965 2056 simplex
985 1933 1094 2057 gentis
1117 1953 1392 2054 vituperatorem

392 2067 449 2166 Ac
481 2089 630 2185 primum
663 2084 801 2182 quidem
828 2079 905 2156 sunt
931 2083 1090 2161 homioet
1112 2081 1265 2178 nimium
1297 2087 1390 2178 acuti,

393 2219 453 2315 qui
469 2231 614 2314 putent,
629 2209 799 2287 subtiliter
814 2226 1038 2308 accurateque
1053 2207 1225 2308 disputari
1245 2235 1327 2288 troo
1335 2239 1388 2314 pot

343 2330 345 2342 ’
393 2342 450 2436 se,
475 2339 538 2416 nist
560 2335 727 2414 orationis
745 2335 828 2412 adfrt
850 2333 982 2410 siccitas
1011 2360 1053 2412 ac
1071 2338 1250 2436 jejunitas.
1307 2345 1389 2441 Arql

394 2471 520 2545 Cicero
550 2467 587 2542 in
619 2465 822 2540 Rhetoricis
851 2459 946 2538 libris
977 2457 1022 2537 de
1059 2465 1213 2540 oratoria
1247 2468 1391 2546 saorlutt

396 2615 467 2676 tarn
488 2607 668 2685 accurate,
684 2615 783 2690 quarn
802 2591 1018 2688 eloquenter,
1040 2590 1210 2670 disseruit.
1259 2599 1307 2672 In
1322 2599 1387 2673 Ora

397 2721 581 2814 tionibus,
614 2719 684 2818 ejus
714 2715 816 2816 ipsrut
847 2717 929 2790 artic
956 2717 1125 2795 summurn
1150 2719 1190 2797 tir
1213 2723 1387 2820 petreum

395 2871 486 2948 opus
504 2845 642 2930 effecit.
697 2844 737 2919 In
759 2837 943 2938 Epistolis,
968 2843 1118 2920 eandem
1135 2843 1388 2928 famltateml

395 2967 492 3052 'varia
509 2975 604 3048 vitae
625 2959 767 3073 negotia
790 2965 995 3066 consiliaque
1017 2975 1315 3054 accommodarit.
1344 2979 1393 3078 Igi

396 3123 454 3181 tur
469 3103 507 3178 in
520 3099 574 3176 hir
592 3101 728 3202 quidem
744 3093 946 3193 generibus,
960 3099 1127 3177 orationis
1146 3105 1327 3204 elegantia
1343 3131 1394 3184 no

397 3227 516 3305 obfuit
560 3247 673 3300 rerum
711 3219 887 3312 bonitati,
941 3223 978 3298 in
1008 3225 1223 3329 Philosophia
1256 3233 1396 3310 obfuit

397 3355 444 3432 Et
472 3351 572 3428 uniut
595 3347 835 3448 Philosophiae
851 3367 922 3426 tam
947 3349 1100 3452 iniquum
1118 3377 1171 3432 est
1193 3357 1337 3454 satum,
1361 3383 1398 3452 or,

328 3533 331 3540 ·
400 3481 462 3560 nisr
479 3479 611 3557 inculte
628 3479 855 3576 horrideque,
880 3479 970 3555 bene
993 3483 1159 3580 explicari
1183 3509 1255 3563 non
1280 3489 1398 3588 potiti

397 3607 556 3700 Videte,
581 3605 724 3699 oboli,
749 3625 793 3680 rte
817 3601 879 3704 ipsr
899 3599 1018 3706 parum
1041 3629 1143 3685 acute
1166 3613 1314 3712 agatir3
1340 3615 1402 3714 qui,

370 3733 479 3816 ’cum
509 3735 680 3820 nullutna
712 3750 828 3806 natura
850 3731 1003 3810 habeatis
1032 3739 1145 3835 pulcri
1176 3738 1355 3837 sensum,
1381 3739 1404 3814 h

400 3861 591 3952 idcircout
615 3853 761 3956 quidque
782 3857 1030 3956 elegantissrrne
1057 3861 1223 3965 scripturn
1257 3892 1349 3966 eat,
1379 3871 1421 3944 ir*

400 3985 546 4066 minime
576 3980 803 4078 intelligatis,
826 3981 871 4058 de
892 3985 1029 4086 reliquit
1062 4009 1179 4075 tamen
1210 3995 1409 4078 hominm

398 4097 448 4212 ,ss
477 4107 589 4190 verua
618 4109 791 4210 imperitia
811 4101 998 4212 judicatis!
1081 4089 1085 4096 ¹

1332 4249 1412 4354 &ul
