<?xml version="1.0" encoding="UTF-8"?>
<!DOCTYPE html PUBLIC "-//W3C//DTD XHTML 1.0 Transitional//EN"
    "http://www.w3.org/TR/xhtml1/DTD/xhtml1-transitional.dtd">
<html xmlns="http://www.w3.org/1999/xhtml" xml:lang="en" lang="en">
 <head>
  <title>
</title>
<meta http-equiv="Content-Type" content="text/html;charset=utf-8" />
  <meta name='ocr-system' content='tesseract 3.04.00' />
  <meta name='ocr-capabilities' content='ocr_page ocr_carea ocr_par ocr_line ocrx_word'/>
</head>
<body>
  <div class='ocr_page' id='page_1' title='image "./bibliothecacrit01wyttgoog_0257.png"; bbox 0 0 2904 5248; ppageno 0'>
   <div class='ocr_carea' id='block_1_1' title="bbox 232 502 1407 3968">
    <p class='ocr_par' dir='ltr' id='par_1_1' title="bbox 232 502 1407 3968">
     <span class='ocr_line' id='line_1_1' title="bbox 341 502 1208 630; baseline -0.012 -28"><span class='ocrx_word' id='word_1_1' title='bbox 341 518 419 618; x_wconf 73' lang='lat' dir='ltr'>nri</span> <span class='ocrx_word' id='word_1_2' title='bbox 547 502 657 612; x_wconf 64' lang='lat' dir='ltr'>&amp;jn</span> <span class='ocrx_word' id='word_1_3' title='bbox 704 523 732 630; x_wconf 74' lang='grc' dir='ltr'>Ιι</span> <span class='ocrx_word' id='word_1_4' title='bbox 779 525 797 598; x_wconf 93' lang='lat'>1</span> <span class='ocrx_word' id='word_1_5' title='bbox 846 515 879 600; x_wconf 72' lang='lat' dir='ltr'>‘c</span> <span class='ocrx_word' id='word_1_6' title='bbox 929 517 966 594; x_wconf 74' lang='lat' dir='ltr'>‘r</span> <span class='ocrx_word' id='word_1_7' title='bbox 1017 507 1208 594; x_wconf 77' lang='lat' dir='ltr'>nnt</span> 
     </span>
     <span class='ocr_line' id='line_1_2' title="bbox 345 691 1369 816; baseline -0.01 -34"><span class='ocrx_word' id='word_1_8' title='bbox 345 711 439 816; x_wconf 80' lang='lat' dir='ltr'>Quin</span> <span class='ocrx_word' id='word_1_9' title='bbox 465 705 604 780; x_wconf 79' lang='lat' dir='ltr'>fuerunt</span> <span class='ocrx_word' id='word_1_10' title='bbox 619 702 703 782; x_wconf 89' lang='lat' dir='ltr'>boni</span> <span class='ocrx_word' id='word_1_11' title='bbox 720 699 859 802; x_wconf 87' lang='lat' dir='ltr'>quidem</span> <span class='ocrx_word' id='word_1_12' title='bbox 873 698 1059 790; x_wconf 81' lang='lat' dir='ltr'>homines,</span> <span class='ocrx_word' id='word_1_13' title='bbox 1084 691 1253 768; x_wconf 87' lang='lat' dir='ltr'>sed-nullo</span> <span class='ocrx_word' id='word_1_14' title='bbox 1268 696 1369 772; x_wconf 65' lang='lat' dir='ltr'>anti⁴</span> 
     </span>
     <span class='ocr_line' id='line_1_3' title="bbox 343 813 1366 938; baseline -0.012 -26"><span class='ocrx_word' id='word_1_15' title='bbox 343 835 482 938; x_wconf 84' lang='lat' dir='ltr'>quitatis</span> <span class='ocrx_word' id='word_1_16' title='bbox 502 835 562 908; x_wconf 91' lang='lat' dir='ltr'>usu</span> <span class='ocrx_word' id='word_1_17' title='bbox 580 813 783 920; x_wconf 80' lang='lat' dir='ltr'>er&#39;rercitati‚</span> <span class='ocrx_word' id='word_1_18' title='bbox 807 825 866 926; x_wconf 89' lang='lat' dir='ltr'>qui</span> <span class='ocrx_word' id='word_1_19' title='bbox 888 825 1090 913; x_wconf 87' lang='lat' dir='ltr'>crederent,</span> <span class='ocrx_word' id='word_1_20' title='bbox 1121 821 1232 898; x_wconf 83' lang='lat' dir='ltr'>sacros</span> <span class='ocrx_word' id='word_1_21' title='bbox 1248 823 1301 900; x_wconf 91' lang='lat' dir='ltr'>N.</span> <span class='ocrx_word' id='word_1_22' title='bbox 1311 825 1366 900; x_wconf 90' lang='lat' dir='ltr'>T.</span> 
     </span>
     <span class='ocr_line' id='line_1_4' title="bbox 343 943 1369 1044; baseline -0.014 -3"><span class='ocrx_word' id='word_1_23' title='bbox 343 967 451 1041; x_wconf 83' lang='lat' dir='ltr'>libros</span> <span class='ocrx_word' id='word_1_24' title='bbox 487 959 596 1038; x_wconf 69' lang='lat' dir='ltr'>lectos</span> <span class='ocrx_word' id='word_1_25' title='bbox 619 943 696 1034; x_wconf 62' lang='lat' dir='ltr'>esse*</span> <span class='ocrx_word' id='word_1_26' title='bbox 720 979 790 1029; x_wconf 91' lang='lat' dir='ltr'>non</span> <span class='ocrx_word' id='word_1_27' title='bbox 815 969 991 1028; x_wconf 80' lang='lat' dir='ltr'>tantuma</span> <span class='ocrx_word' id='word_1_28' title='bbox 1021 945 1173 1038; x_wconf 86' lang='lat' dir='ltr'><strong>Stoicis,</strong></span> <span class='ocrx_word' id='word_1_29' title='bbox 1192 953 1326 1028; x_wconf 81' lang='lat' dir='ltr'>Seneca</span> <span class='ocrx_word' id='word_1_30' title='bbox 1351 1007 1369 1044; x_wconf 87' lang='lat'><strong><em>‚</em></strong></span> 
     </span>
     <span class='ocr_line' id='line_1_5' title="bbox 346 1061 1367 1195; baseline -0.015 -26"><span class='ocrx_word' id='word_1_31' title='bbox 346 1089 511 1190; x_wconf 69' lang='lat' dir='ltr'>Epicteto</span> <span class='ocrx_word' id='word_1_32' title='bbox 519 1143 538 1179; x_wconf 81' lang='lat'>„</span> <span class='ocrx_word' id='word_1_33' title='bbox 558 1084 754 1161; x_wconf 73' lang='lat' dir='ltr'>&#39;Antonino</span> <span class='ocrx_word' id='word_1_34' title='bbox 779 1085 1021 1195; x_wconf 79' lang='lat' dir='ltr'>Imperatore,</span> <span class='ocrx_word' id='word_1_35' title='bbox 1046 1071 1104 1152; x_wconf 89' lang='lat' dir='ltr'>sed</span> <span class='ocrx_word' id='word_1_36' title='bbox 1124 1061 1174 1152; x_wconf 77' lang='lat' dir='ltr'>ab&#39;</span> <span class='ocrx_word' id='word_1_37' title='bbox 1186 1077 1260 1152; x_wconf 84' lang='lat' dir='ltr'>aliis</span> <span class='ocrx_word' id='word_1_38' title='bbox 1270 1103 1367 1177; x_wconf 90' lang='lat' dir='ltr'>quo-</span> 
     </span>
     <span class='ocr_line' id='line_1_6' title="bbox 350 1200 1370 1320; baseline -0.011 -26"><span class='ocrx_word' id='word_1_39' title='bbox 350 1243 416 1320; x_wconf 93' lang='lat' dir='ltr'>que</span> <span class='ocrx_word' id='word_1_40' title='bbox 441 1216 541 1316; x_wconf 88' lang='lat' dir='ltr'>hujus</span> <span class='ocrx_word' id='word_1_41' title='bbox 562 1212 682 1289; x_wconf 87' lang='lat' dir='ltr'>aetatis</span> <span class='ocrx_word' id='word_1_42' title='bbox 712 1203 956 1308; x_wconf 84' lang='lat' dir='ltr'>philosophis,</span> <span class='ocrx_word' id='word_1_43' title='bbox 982 1200 1091 1294; x_wconf 88' lang='lat' dir='ltr'>veluti</span> <span class='ocrx_word' id='word_1_44' title='bbox 1114 1203 1301 1300; x_wconf 72' lang='lat' dir='ltr'>Plutarcho</span> <span class='ocrx_word' id='word_1_45' title='bbox 1324 1205 1370 1283; x_wconf 72' lang='grc' dir='ltr'>δι</span> 
     </span>
     <span class='ocr_line' id='line_1_7' title="bbox 350 1327 1369 1448; baseline -0.017 -24"><span class='ocrx_word' id='word_1_46' title='bbox 350 1347 528 1426; x_wconf 84' lang='lat' dir='ltr'>fimilibus.</span> <span class='ocrx_word' id='word_1_47' title='bbox 577 1339 734 1448; x_wconf 83' lang='lat' dir='ltr'>Quorum</span> <span class='ocrx_word' id='word_1_48' title='bbox 758 1358 861 1434; x_wconf 87' lang='lat' dir='ltr'>quarn</span> <span class='ocrx_word' id='word_1_49' title='bbox 880 1354 967 1408; x_wconf 89' lang='lat' dir='ltr'>vana</span> <span class='ocrx_word' id='word_1_50' title='bbox 981 1329 1021 1407; x_wconf 88' lang='lat' dir='ltr'>fit</span> <span class='ocrx_word' id='word_1_51' title='bbox 1037 1327 1188 1428; x_wconf 90' lang='lat' dir='ltr'>opinio,</span> <span class='ocrx_word' id='word_1_52' title='bbox 1216 1353 1300 1406; x_wconf 89' lang='lat' dir='ltr'>curn</span> <span class='ocrx_word' id='word_1_53' title='bbox 1312 1355 1369 1407; x_wconf 88' lang='lat' dir='ltr'>res</span> 
     </span>
     <span class='ocr_line' id='line_1_8' title="bbox 350 1455 1372 1572; baseline -0.016 -24"><span class='ocrx_word' id='word_1_54' title='bbox 350 1471 427 1572; x_wconf 84' lang='lat' dir='ltr'>ipsa</span> <span class='ocrx_word' id='word_1_55' title='bbox 438 1466 605 1568; x_wconf 89' lang='lat' dir='ltr'>loquitur,</span> <span class='ocrx_word' id='word_1_56' title='bbox 632 1483 706 1539; x_wconf 91' lang='lat' dir='ltr'>tum</span> <span class='ocrx_word' id='word_1_57' title='bbox 722 1461 793 1536; x_wconf 88' lang='lat' dir='ltr'>hoc</span> <span class='ocrx_word' id='word_1_58' title='bbox 809 1482 912 1536; x_wconf 87' lang='lat' dir='ltr'>unum</span> <span class='ocrx_word' id='word_1_59' title='bbox 927 1459 1006 1534; x_wconf 87' lang='lat' dir='ltr'>satis</span> <span class='ocrx_word' id='word_1_60' title='bbox 1019 1459 1187 1558; x_wconf 87' lang='lat' dir='ltr'>superque</span> <span class='ocrx_word' id='word_1_61' title='bbox 1202 1455 1372 1548; x_wconf 85' lang='lat' dir='ltr'>ostendit,</span> 
     </span>
     <span class='ocr_line' id='line_1_9' title="bbox 355 1582 1372 1698; baseline -0.015 -26"><span class='ocrx_word' id='word_1_62' title='bbox 355 1599 448 1698; x_wconf 89' lang='lat' dir='ltr'>quod</span> <span class='ocrx_word' id='word_1_63' title='bbox 473 1594 556 1672; x_wconf 89' lang='lat' dir='ltr'>inde</span> <span class='ocrx_word' id='word_1_64' title='bbox 581 1591 830 1681; x_wconf 87' lang='lat' dir='ltr'>conficeretur,</span> <span class='ocrx_word' id='word_1_65' title='bbox 845 1611 888 1663; x_wconf 82' lang='lat' dir='ltr'>ex</span> <span class='ocrx_word' id='word_1_66' title='bbox 912 1587 982 1664; x_wconf 93' lang='lat' dir='ltr'>hoc</span> <span class='ocrx_word' id='word_1_67' title='bbox 1006 1587 1115 1664; x_wconf 84' lang='lat' dir='ltr'>etiam</span> <span class='ocrx_word' id='word_1_68' title='bbox 1133 1583 1237 1660; x_wconf 81' lang='lat' dir='ltr'>fonte</span> <span class='ocrx_word' id='word_1_69' title='bbox 1251 1582 1372 1658; x_wconf 84' lang='lat' dir='ltr'>haofis·</span> 
     </span>
     <span class='ocr_line' id='line_1_10' title="bbox 234 1707 1373 1822; baseline -0.018 -20"><span class='ocrx_word' id='word_1_70' title='bbox 234 1815 237 1822; x_wconf 84' lang='lat'><em>.</em></span> <span class='ocrx_word' id='word_1_71' title='bbox 356 1724 395 1800; x_wconf 84' lang='lat' dir='ltr'>se</span> <span class='ocrx_word' id='word_1_72' title='bbox 414 1725 621 1813; x_wconf 87' lang='lat' dir='ltr'>Socratem,</span> <span class='ocrx_word' id='word_1_73' title='bbox 647 1721 845 1808; x_wconf 87' lang='lat' dir='ltr'>Zenonem,</span> <span class='ocrx_word' id='word_1_74' title='bbox 871 1715 1113 1816; x_wconf 79' lang='lat' dir='ltr'>Chryfi&#39;ppum&#39;.</span> <span class='ocrx_word' id='word_1_75' title='bbox 1162 1707 1256 1800; x_wconf 78' lang='lat' dir='ltr'>Sed,</span> <span class='ocrx_word' id='word_1_76' title='bbox 1283 1707 1373 1782; x_wconf 85' lang='lat' dir='ltr'>utde</span> 
     </span>
     <span class='ocr_line' id='line_1_11' title="bbox 359 1829 1375 1944; baseline -0.015 -18"><span class='ocrx_word' id='word_1_77' title='bbox 359 1829 570 1944; x_wconf 89' lang='lat' dir='ltr'>Stoicorum</span> <span class='ocrx_word' id='word_1_78' title='bbox 601 1843 737 1940; x_wconf 89' lang='lat' dir='ltr'>scriptis</span> <span class='ocrx_word' id='word_1_79' title='bbox 777 1843 947 1937; x_wconf 87' lang='lat' dir='ltr'>dicamus,</span> <span class='ocrx_word' id='word_1_80' title='bbox 973 1845 1100 1920; x_wconf 83' lang='lat' dir='ltr'>habent</span> <span class='ocrx_word' id='word_1_81' title='bbox 1134 1853 1177 1912; x_wconf 86' lang='lat' dir='ltr'>ea</span> <span class='ocrx_word' id='word_1_82' title='bbox 1207 1837 1375 1936; x_wconf 80' lang='lat' dir='ltr'>quandam</span> 
     </span>
     <span class='ocr_line' id='line_1_12' title="bbox 359 1947 1374 2065; baseline -0.018 -12"><span class='ocrx_word' id='word_1_83' title='bbox 359 1947 440 2054; x_wconf 74' lang='lat' dir='ltr'>cum</span> <span class='ocrx_word' id='word_1_84' title='bbox 460 1976 561 2050; x_wconf 89' lang='lat' dir='ltr'>sactis</span> <span class='ocrx_word' id='word_1_85' title='bbox 579 1976 628 2052; x_wconf 93' lang='lat' dir='ltr'>N.</span> <span class='ocrx_word' id='word_1_86' title='bbox 657 1973 704 2048; x_wconf 90' lang='lat' dir='ltr'>T.</span> <span class='ocrx_word' id='word_1_87' title='bbox 728 1971 823 2046; x_wconf 86' lang='lat' dir='ltr'>libris</span> <span class='ocrx_word' id='word_1_88' title='bbox 840 1971 1114 2057; x_wconf 86' lang='lat' dir='ltr'>srmilitudinem,</span> <span class='ocrx_word' id='word_1_89' title='bbox 1131 1987 1219 2065; x_wconf 86' lang='lat' dir='ltr'>quae</span> <span class='ocrx_word' id='word_1_90' title='bbox 1239 1963 1374 2060; x_wconf 82' lang='lat' dir='ltr'>imperi·</span> 
     </span>
     <span class='ocr_line' id='line_1_13' title="bbox 323 2092 1375 2196; baseline -0.01 -21"><span class='ocrx_word' id='word_1_91' title='bbox 323 2173 329 2192; x_wconf 74' lang='grc'><em>,</em></span> <span class='ocrx_word' id='word_1_92' title='bbox 363 2118 420 2175; x_wconf 88' lang='lat' dir='ltr'>tos</span> <span class='ocrx_word' id='word_1_93' title='bbox 446 2102 550 2174; x_wconf 83' lang='lat' dir='ltr'>facile</span> <span class='ocrx_word' id='word_1_94' title='bbox 573 2099 690 2172; x_wconf 88' lang='lat' dir='ltr'>ludere</span> <span class='ocrx_word' id='word_1_95' title='bbox 715 2098 833 2192; x_wconf 73' lang='lat' dir='ltr'>possit.</span> <span class='ocrx_word' id='word_1_96' title='bbox 885 2099 988 2174; x_wconf 89' lang='lat' dir='ltr'>Haec</span> <span class='ocrx_word' id='word_1_97' title='bbox 1007 2095 1183 2196; x_wconf 84' lang='lat' dir='ltr'>posrtaest</span> <span class='ocrx_word' id='word_1_98' title='bbox 1198 2094 1239 2168; x_wconf 92' lang='lat' dir='ltr'>in</span> <span class='ocrx_word' id='word_1_99' title='bbox 1256 2092 1375 2166; x_wconf 83' lang='lat' dir='ltr'>duabus</span> 
     </span>
     <span class='ocr_line' id='line_1_14' title="bbox 360 2215 1376 2328; baseline -0.013 -26"><span class='ocrx_word' id='word_1_100' title='bbox 360 2226 576 2328; x_wconf 72' lang='lat' dir='ltr'>potissimum</span> <span class='ocrx_word' id='word_1_101' title='bbox 600 2226 699 2297; x_wconf 86' lang='lat' dir='ltr'>rebus</span> <span class='ocrx_word' id='word_1_102' title='bbox 725 2243 734 2294; x_wconf 91' lang='lat'><strong>:</strong></span> <span class='ocrx_word' id='word_1_103' title='bbox 761 2225 910 2318; x_wconf 91' lang='lat' dir='ltr'>primurn</span> <span class='ocrx_word' id='word_1_104' title='bbox 933 2223 970 2296; x_wconf 90' lang='lat' dir='ltr'>in</span> <span class='ocrx_word' id='word_1_105' title='bbox 983 2222 1200 2321; x_wconf 82' lang='lat' dir='ltr'>praeceptis,</span> <span class='ocrx_word' id='word_1_106' title='bbox 1229 2215 1376 2317; x_wconf 81' lang='lat' dir='ltr'>quaead</span> 
     </span>
     <span class='ocr_line' id='line_1_15' title="bbox 269 2349 1376 2449; baseline -0.005 -24"><span class='ocrx_word' id='word_1_107' title='bbox 269 2407 278 2425; x_wconf 71' lang='lat'>.</span> <span class='ocrx_word' id='word_1_108' title='bbox 363 2351 462 2438; x_wconf 76' lang='lat' dir='ltr'>vitae</span> <span class='ocrx_word' id='word_1_109' title='bbox 488 2373 666 2448; x_wconf 85' lang='lat' dir='ltr'>rerumque</span> <span class='ocrx_word' id='word_1_110' title='bbox 692 2350 918 2424; x_wconf 84' lang='lat' dir='ltr'>humanarum</span> <span class='ocrx_word' id='word_1_111' title='bbox 933 2371 1148 2428; x_wconf 90' lang='lat' dir='ltr'>contemtum</span> <span class='ocrx_word' id='word_1_112' title='bbox 1168 2349 1376 2449; x_wconf 86' lang='lat' dir='ltr'>pertinent:</span> 
     </span>
     <span class='ocr_line' id='line_1_16' title="bbox 232 2463 1377 2591; baseline -0.003 -40"><span class='ocrx_word' id='word_1_113' title='bbox 232 2463 234 2468; x_wconf 39' lang='lat'><strong><em>¹</em></strong></span> <span class='ocrx_word' id='word_1_114' title='bbox 302 2549 333 2591; x_wconf 66' lang='lat' dir='ltr'>s.</span> <span class='ocrx_word' id='word_1_115' title='bbox 365 2476 493 2552; x_wconf 91' lang='lat' dir='ltr'>deinde</span> <span class='ocrx_word' id='word_1_116' title='bbox 509 2475 545 2546; x_wconf 92' lang='lat' dir='ltr'>in</span> <span class='ocrx_word' id='word_1_117' title='bbox 569 2469 700 2546; x_wconf 86' lang='lat' dir='ltr'>stilo&amp;</span> <span class='ocrx_word' id='word_1_118' title='bbox 720 2474 890 2563; x_wconf 86' lang='lat' dir='ltr'>oratione.</span> <span class='ocrx_word' id='word_1_119' title='bbox 941 2478 1052 2576; x_wconf 87' lang='lat' dir='ltr'>Atqui</span> <span class='ocrx_word' id='word_1_120' title='bbox 1070 2493 1284 2576; x_wconf 85' lang='lat' dir='ltr'>praecepta,</span> <span class='ocrx_word' id='word_1_121' title='bbox 1308 2497 1377 2548; x_wconf 75' lang='lat' dir='ltr'>orn</span> 
     </span>
     <span class='ocr_line' id='line_1_17' title="bbox 259 2597 1378 2698; baseline -0.006 -17"><span class='ocrx_word' id='word_1_122' title='bbox 259 2601 274 2656; x_wconf 61' lang='lat' dir='ltr'>st</span> <span class='ocrx_word' id='word_1_123' title='bbox 368 2603 407 2680; x_wconf 86' lang='lat' dir='ltr'>in</span> <span class='ocrx_word' id='word_1_124' title='bbox 431 2621 573 2698; x_wconf 85' lang='lat' dir='ltr'>utraque</span> <span class='ocrx_word' id='word_1_125' title='bbox 598 2597 754 2674; x_wconf 67' lang='lat' dir='ltr'>doctrina</span> <span class='ocrx_word' id='word_1_126' title='bbox 772 2619 816 2674; x_wconf 80' lang='lat' dir='ltr'>err</span> <span class='ocrx_word' id='word_1_127' title='bbox 832 2601 971 2676; x_wconf 85' lang='lat' dir='ltr'>diversrs</span> <span class='ocrx_word' id='word_1_128' title='bbox 988 2601 1178 2698; x_wconf 83' lang='lat' dir='ltr'>principiis</span> <span class='ocrx_word' id='word_1_129' title='bbox 1195 2598 1378 2692; x_wconf 84' lang='lat' dir='ltr'>ducantur,</span> 
     </span>
     <span class='ocr_line' id='line_1_18' title="bbox 369 2701 1376 2832; baseline 0.002 -32"><span class='ocrx_word' id='word_1_130' title='bbox 369 2725 444 2825; x_wconf 86' lang='lat' dir='ltr'>ipsa</span> <span class='ocrx_word' id='word_1_131' title='bbox 459 2724 638 2800; x_wconf 88' lang='lat' dir='ltr'>dissentire</span> <span class='ocrx_word' id='word_1_132' title='bbox 654 2724 746 2800; x_wconf 91' lang='lat' dir='ltr'>inter</span> <span class='ocrx_word' id='word_1_133' title='bbox 761 2713 796 2802; x_wconf 85' lang='lat' dir='ltr'>se</span> <span class='ocrx_word' id='word_1_134' title='bbox 811 2726 950 2802; x_wconf 86' lang='lat' dir='ltr'>necesse</span> <span class='ocrx_word' id='word_1_135' title='bbox 967 2745 1029 2804; x_wconf 90' lang='lat' dir='ltr'>est.</span> <span class='ocrx_word' id='word_1_136' title='bbox 1046 2701 1251 2832; x_wconf 83' lang='lat' dir='ltr'>Quodvero</span> <span class='ocrx_word' id='word_1_137' title='bbox 1258 2727 1304 2800; x_wconf 88' lang='lat' dir='ltr'>ad</span> <span class='ocrx_word' id='word_1_138' title='bbox 1315 2750 1376 2802; x_wconf 78' lang='lat' dir='ltr'>ott·</span> 
     </span>
     <span class='ocr_line' id='line_1_19' title="bbox 372 2851 1384 2953; baseline -0.004 -23"><span class='ocrx_word' id='word_1_139' title='bbox 372 2853 508 2930; x_wconf 90' lang='lat' dir='ltr'>tionem</span> <span class='ocrx_word' id='word_1_140' title='bbox 523 2851 675 2950; x_wconf 89' lang='lat' dir='ltr'>pertinet</span> <span class='ocrx_word' id='word_1_141' title='bbox 683 2851 734 2931; x_wconf 88' lang='lat' dir='ltr'>N.</span> <span class='ocrx_word' id='word_1_142' title='bbox 748 2853 963 2942; x_wconf 81' lang='lat' dir='ltr'>Testamenti</span> <span class='ocrx_word' id='word_1_143' title='bbox 973 2910 983 2945; x_wconf 94' lang='lat'>,</span> <span class='ocrx_word' id='word_1_144' title='bbox 994 2853 1019 2928; x_wconf 85' lang='lat' dir='ltr'>st</span> <span class='ocrx_word' id='word_1_145' title='bbox 1032 2855 1089 2930; x_wconf 86' lang='lat' dir='ltr'>illa</span> <span class='ocrx_word' id='word_1_146' title='bbox 1096 2856 1268 2953; x_wconf 85' lang='lat' dir='ltr'>majorem</span> <span class='ocrx_word' id='word_1_147' title='bbox 1285 2854 1384 2927; x_wconf 83' lang='lat' dir='ltr'>hahet</span> 
     </span>
     <span class='ocr_line' id='line_1_20' title="bbox 375 2978 1387 3082; baseline -0.001 -25"><span class='ocrx_word' id='word_1_148' title='bbox 375 3003 456 3057; x_wconf 87' lang='lat' dir='ltr'>cum</span> <span class='ocrx_word' id='word_1_149' title='bbox 470 2978 688 3070; x_wconf 88' lang='lat' dir='ltr'>Stoicorum,</span> <span class='ocrx_word' id='word_1_150' title='bbox 711 3007 810 3082; x_wconf 90' lang='lat' dir='ltr'>quam</span> <span class='ocrx_word' id='word_1_151' title='bbox 829 3003 907 3056; x_wconf 92' lang='lat' dir='ltr'>cutn</span> <span class='ocrx_word' id='word_1_152' title='bbox 923 2983 1073 3060; x_wconf 84' lang='lat' dir='ltr'>Platonis</span> <span class='ocrx_word' id='word_1_153' title='bbox 1088 3009 1123 3062; x_wconf 92' lang='lat' dir='ltr'>v.</span> <span class='ocrx_word' id='word_1_154' title='bbox 1140 3007 1171 3058; x_wconf 90' lang='lat' dir='ltr'>c.</span> <span class='ocrx_word' id='word_1_155' title='bbox 1196 2980 1237 3058; x_wconf 75' lang='lat' dir='ltr'>dt</span> <span class='ocrx_word' id='word_1_156' title='bbox 1254 2983 1387 3057; x_wconf 87' lang='lat' dir='ltr'>Demo·</span> 
     </span>
     <span class='ocr_line' id='line_1_21' title="bbox 376 3105 1388 3200; baseline 0.001 -18"><span class='ocrx_word' id='word_1_157' title='bbox 376 3105 522 3197; x_wconf 82' lang='lat' dir='ltr'>sthenis,</span> <span class='ocrx_word' id='word_1_158' title='bbox 546 3105 704 3180; x_wconf 87' lang='lat' dir='ltr'>oratione</span> <span class='ocrx_word' id='word_1_159' title='bbox 726 3105 1024 3200; x_wconf 90' lang='lat' dir='ltr'>convenientiam,</span> <span class='ocrx_word' id='word_1_160' title='bbox 1052 3133 1093 3186; x_wconf 88' lang='lat' dir='ltr'>an</span> <span class='ocrx_word' id='word_1_161' title='bbox 1118 3107 1291 3184; x_wconf 88' lang='lat' dir='ltr'>continuo</span> <span class='ocrx_word' id='word_1_162' title='bbox 1318 3111 1388 3184; x_wconf 90' lang='lat' dir='ltr'>erit</span> 
     </span>
     <span class='ocr_line' id='line_1_22' title="bbox 264 3233 1392 3336; baseline 0.007 -31"><span class='ocrx_word' id='word_1_163' title='bbox 264 3271 272 3285; x_wconf 87' lang='lat'><strong>·</strong></span> <span class='ocrx_word' id='word_1_164' title='bbox 377 3233 498 3306; x_wconf 84' lang='lat' dir='ltr'>eadem</span> <span class='ocrx_word' id='word_1_165' title='bbox 522 3255 563 3306; x_wconf 84' lang='lat' dir='ltr'>ac</span> <span class='ocrx_word' id='word_1_166' title='bbox 587 3233 734 3306; x_wconf 76' lang='lat' dir='ltr'>Stoica?</span> <span class='ocrx_word' id='word_1_167' title='bbox 761 3233 988 3336; x_wconf 85' lang='lat' dir='ltr'>Chryfippus,</span> <span class='ocrx_word' id='word_1_168' title='bbox 1013 3239 1153 3336; x_wconf 85' lang='lat' dir='ltr'>ejusque</span> <span class='ocrx_word' id='word_1_169' title='bbox 1183 3235 1392 3313; x_wconf 83' lang='lat' dir='ltr'>imitatione</span> 
     </span>
     <span class='ocr_line' id='line_1_23' title="bbox 362 3353 1393 3462; baseline 0.007 -29"><span class='ocrx_word' id='word_1_170' title='bbox 362 3353 532 3459; x_wconf 81' lang='lat' dir='ltr'>¹plerique</span> <span class='ocrx_word' id='word_1_171' title='bbox 547 3355 605 3428; x_wconf 82' lang='lat' dir='ltr'>aiii</span> <span class='ocrx_word' id='word_1_172' title='bbox 624 3355 755 3450; x_wconf 90' lang='lat' dir='ltr'>Stoici,</span> <span class='ocrx_word' id='word_1_173' title='bbox 776 3359 913 3438; x_wconf 88' lang='lat' dir='ltr'>dicendi</span> <span class='ocrx_word' id='word_1_174' title='bbox 929 3357 1038 3462; x_wconf 85' lang='lat' dir='ltr'>genus</span> <span class='ocrx_word' id='word_1_175' title='bbox 1058 3367 1170 3440; x_wconf 89' lang='lat' dir='ltr'>secuti</span> <span class='ocrx_word' id='word_1_176' title='bbox 1188 3363 1263 3438; x_wconf 87' lang='lat' dir='ltr'>suut</span> <span class='ocrx_word' id='word_1_177' title='bbox 1279 3363 1393 3440; x_wconf 82' lang='lat' dir='ltr'>mini·</span> 
     </span>
     <span class='ocr_line' id='line_1_24' title="bbox 377 3482 1396 3584; baseline 0.004 -23"><span class='ocrx_word' id='word_1_178' title='bbox 377 3507 437 3561; x_wconf 89' lang='lat' dir='ltr'>me</span> <span class='ocrx_word' id='word_1_179' title='bbox 458 3485 595 3583; x_wconf 86' lang='lat' dir='ltr'>elegans</span> <span class='ocrx_word' id='word_1_180' title='bbox 615 3482 654 3559; x_wconf 75' lang='grc' dir='ltr'>δι</span> <span class='ocrx_word' id='word_1_181' title='bbox 676 3485 897 3584; x_wconf 71' lang='lat' dir='ltr'>exquisitum,</span> <span class='ocrx_word' id='word_1_182' title='bbox 924 3491 1211 3569; x_wconf 86' lang='lat' dir='ltr'>cumverborum</span> <span class='ocrx_word' id='word_1_183' title='bbox 1232 3490 1396 3584; x_wconf 88' lang='lat' dir='ltr'>incuria,</span> 
     </span>
     <span class='ocr_line' id='line_1_25' title="bbox 380 3608 1398 3716; baseline 0.009 -32"><span class='ocrx_word' id='word_1_184' title='bbox 380 3629 455 3684; x_wconf 84' lang='lat' dir='ltr'>tum</span> <span class='ocrx_word' id='word_1_185' title='bbox 473 3608 731 3706; x_wconf 87' lang='lat' dir='ltr'>composrtionis</span> <span class='ocrx_word' id='word_1_186' title='bbox 752 3616 984 3716; x_wconf 80' lang='lat' dir='ltr'>negligentia,</span> <span class='ocrx_word' id='word_1_187' title='bbox 1009 3618 1082 3695; x_wconf 81' lang='lat' dir='ltr'>tuni</span> <span class='ocrx_word' id='word_1_188' title='bbox 1097 3615 1266 3712; x_wconf 80' lang='lat' dir='ltr'>exemplis</span> <span class='ocrx_word' id='word_1_189' title='bbox 1286 3619 1398 3693; x_wconf 86' lang='lat' dir='ltr'>etiarn</span> 
     </span>
     <span class='ocr_line' id='line_1_26' title="bbox 266 3731 1403 3822; baseline 0.011 -14"><span class='ocrx_word' id='word_1_190' title='bbox 266 3761 271 3771; x_wconf 95' lang='lat'>·</span> <span class='ocrx_word' id='word_1_191' title='bbox 339 3749 340 3756; x_wconf 66' lang='lat'>‘</span> <span class='ocrx_word' id='word_1_192' title='bbox 381 3731 421 3808; x_wconf 83' lang='lat' dir='ltr'>dc</span> <span class='ocrx_word' id='word_1_193' title='bbox 449 3731 654 3812; x_wconf 71' lang='lat' dir='ltr'>dictionibus</span> <span class='ocrx_word' id='word_1_194' title='bbox 683 3739 834 3816; x_wconf 88' lang='lat' dir='ltr'>emedio</span> <span class='ocrx_word' id='word_1_195' title='bbox 851 3743 1021 3819; x_wconf 90' lang='lat' dir='ltr'>desumtis.</span> <span class='ocrx_word' id='word_1_196' title='bbox 1070 3746 1136 3822; x_wconf 91' lang='lat' dir='ltr'>Sed</span> <span class='ocrx_word' id='word_1_197' title='bbox 1158 3741 1251 3820; x_wconf 83' lang='lat' dir='ltr'>inter</span> <span class='ocrx_word' id='word_1_198' title='bbox 1270 3745 1403 3820; x_wconf 87' lang='lat' dir='ltr'>Sacro</span> 
     </span>
     <span class='ocr_line' id='line_1_27' title="bbox 385 3859 1407 3968; baseline 0.011 -33"><span class='ocrx_word' id='word_1_199' title='bbox 385 3883 463 3936; x_wconf 87' lang='lat' dir='ltr'>rum</span> <span class='ocrx_word' id='word_1_200' title='bbox 477 3859 682 3959; x_wconf 87' lang='lat' dir='ltr'>scriptorum</span> <span class='ocrx_word' id='word_1_201' title='bbox 702 3866 966 3968; x_wconf 88' lang='lat' dir='ltr'>Stoicorumque</span> <span class='ocrx_word' id='word_1_202' title='bbox 985 3871 1176 3948; x_wconf 84' lang='lat' dir='ltr'>orationem</span> <span class='ocrx_word' id='word_1_203' title='bbox 1194 3871 1270 3946; x_wconf 93' lang='lat' dir='ltr'>hoc</span> <span class='ocrx_word' id='word_1_204' title='bbox 1288 3873 1407 3949; x_wconf 90' lang='lat' dir='ltr'>inter·</span> 
     </span>
    </p>
   </div>
   <div class='ocr_carea' id='block_1_2' title="bbox 277 3987 1420 4370">
    <p class='ocr_par' dir='ltr' id='par_1_2' title="bbox 277 3987 1420 4370">
     <span class='ocr_line' id='line_1_28' title="bbox 277 3987 1414 4102; baseline 0.02 -47"><span class='ocrx_word' id='word_1_205' title='bbox 277 4015 282 4026; x_wconf 94' lang='lat'>·</span> <span class='ocrx_word' id='word_1_206' title='bbox 389 4004 460 4102; x_wconf 77' lang='lat' dir='ltr'>cst,</span> <span class='ocrx_word' id='word_1_207' title='bbox 485 4004 522 4060; x_wconf 90' lang='grc' dir='ltr'>ιιι</span> <span class='ocrx_word' id='word_1_208' title='bbox 555 3987 642 4066; x_wconf 85' lang='lat' dir='ltr'>haec</span> <span class='ocrx_word' id='word_1_209' title='bbox 673 4009 789 4076; x_wconf 86' lang='lat' dir='ltr'>tamen</span> <span class='ocrx_word' id='word_1_210' title='bbox 815 3995 947 4080; x_wconf 78' lang='lat' dir='ltr'>Graeca</span> <span class='ocrx_word' id='word_1_211' title='bbox 979 3993 1040 4094; x_wconf 88' lang='lat' dir='ltr'>fit,</span> <span class='ocrx_word' id='word_1_212' title='bbox 1066 3998 1124 4076; x_wconf 81' lang='lat' dir='ltr'>illo</span> <span class='ocrx_word' id='word_1_213' title='bbox 1164 4000 1311 4080; x_wconf 82' lang='lat' dir='ltr'>Graeca</span> <span class='ocrx_word' id='word_1_214' title='bbox 1349 4001 1414 4078; x_wconf 81' lang='lat' dir='ltr'>via</span> 
     </span>
     <span class='ocr_line' id='line_1_29' title="bbox 388 4109 594 4216; baseline 0 -26"><span class='ocrx_word' id='word_1_215' title='bbox 388 4111 461 4190; x_wconf 86' lang='lat' dir='ltr'>dici</span> <span class='ocrx_word' id='word_1_216' title='bbox 475 4109 594 4216; x_wconf 76' lang='lat' dir='ltr'>possit.</span> 
     </span>
     <span class='ocr_line' id='line_1_30' title="bbox 696 4213 1420 4370; baseline 0.014 -52"><span class='ocrx_word' id='word_1_217' title='bbox 696 4213 698 4240; x_wconf 51' lang='grc' dir='ltr'>Ι</span> <span class='ocrx_word' id='word_1_218' title='bbox 1180 4349 1185 4370; x_wconf 23' lang='grc' dir='ltr'><em>θ</em></span> <span class='ocrx_word' id='word_1_219' title='bbox 1297 4252 1420 4330; x_wconf 85' lang='lat' dir='ltr'>Cete-</span> 
     </span>
    </p>
   </div>
   <div class='ocr_carea' id='block_1_3' title="bbox 0 0 1482 5248">
    <p class='ocr_par' dir='ltr' id='par_1_3' title="bbox 0 0 1482 5248">
     <span class='ocr_line' id='line_1_31' title="bbox 0 0 1482 5248; baseline 0 0"><span class='ocrx_word' id='word_1_220' title='bbox 0 0 1482 5248; x_wconf 95' lang='lat' dir='ltr'> </span> 
     </span>
    </p>
   </div>
  </div>
 </body>
</html>
