2964 5252
349 467 405 534 'nn
503 441 1251 533 nUR·1ntn1s‘TnAGonntnn

351 636 424 711 dat.
450 634 552 708 Haec
561 628 709 728 primum
725 626 1031 705 sortem-furem
1041 627 1236 724 miserante,
1265 632 1394 715 Dede·

352 758 585 859 queeceusat,
601 757 692 857 quod
708 733 838 831 eumad
857 773 911 829 tot
928 773 1090 852 tantaque
1106 759 1192 834 male
1212 759 1391 838 servave-

351 884 439 977 tint‚
465 939 490 976 ‚,
507 888 661 975 Verum,
685 881 814 983 inquit,
832 881 951 956 silicet
965 880 1112 978 captivis
1126 884 1280 984 coinqui
1294 914 1381 966 cum

299 1050 301 1061 ι
350 1009 511 1103 dominis,
538 1009 703 1108 responde
719 1009 799 1086 mihi
812 1065 823 1101 ‚
837 1008 979 1106 quaeso,
995 1005 1140 1098 Uiisfee,
1160 1009 1207 1084 ad
1223 1033 1263 1086 ea
1282 1039 1382 1129 quae

350 1154 387 1210 te
401 1123 666 1235 interrogavero.
710 1139 766 1214 Ui.
787 1129 939 1225 Faciam,
965 1133 1176 1224 onemha,
1198 1156 1308 1237 neque
1322 1140 1371 1216 ti·

348 1262 383 1338 bi
408 1263 568 1358 temporis
592 1261 688 1360 hujus
712 1260 841 1338 usuram
862 1259 1033 1336 invidebo.
1061 1259 1109 1333 H.
1128 1261 1364 1342 Meministine

347 1411 428 1462 eum
452 1385 637 1486 speculator
660 1389 824 1488 ingressus
847 1385 934 1460 esses
957 1381 1244 1480 Trojtmsordido
1257 1389 1363 1466 vetti·

346 1529 398 1587 tu.
426 1513 482 1586 Ui.
497 1511 655 1586 'Memini
678 1531 781 1606 vero,
808 1532 918 1612 neque
942 1507 1034 1582 enim
1059 1527 1124 1584 tum
1140 1511 1227 1586 nvn
1243 1513 1314 1590 suit
1330 1516 1363 1592 is

348 1636 470 1728 casus,
502 1657 541 1711 ut
572 1655 640 1712 tam
670 1641 742 1715 cito
769 1663 814 1716 ex
848 1655 964 1712 mente
994 1633 1148 1711 effluetet
1169 1659 1258 1714 mea.
1303 1644 1361 1722 H.

347 1763 455 1836 Tunc
482 1762 616 1836 Helena
641 1781 675 1836 te
701 1757 901 1866 agnovit&
924 1759 1006 1836 mihi
1029 1759 1088 1836 soli
1110 1761 1240 1838 fesium
1264 1784 1359 1842 tuum

346 1883 557 1984 significavit.
585 1889 640 1967 Ut.
668 1893 819 1970 Omnino
837 1887 991 1979 munim,
1016 1908 1073 1962 me
1094 1907 1169 1962 tum
1188 1889 1357 1993 inmagne

344 1991 439 2084 vitae
454 2012 644 2088 discrimine
659 2017 793 2093 veisari.
818 2019 867 2094 H.
884 2010 1005 2126 Quid?
1020 2013 1173 2112 Supplex
1185 2017 1287 2094 etiam
1301 2043 1355 2120 ge·

343 2155 412 2207 nua
437 2139 645 2233 prehendisti
666 2147 769 2219 mea?
786 2143 842 2220 Ui.
859 2137 1024 2244 Equidem
1042 2160 1083 2214 ea
1100 2158 1169 2218 tatn
1194 2145 1351 2222 obstinate

341 2259 458 2352 tenui,
480 2279 522 2335 ut
543 2265 660 2340 eni-um
682 2269 839 2364 amplexu
860 2289 979 2342 manua
993 2265 1077 2342 mihi
1094 2293 1166 2352 mea
1181 2273 1287 2354 emori
1302 2273 1349 2350 vi·

339 2383 491 2463 deretur.
524 2389 582 2464 H:
599 2391 677 2491 Ego
701 2413 786 2467 vero
808 2391 940 2468 servavi
962 2411 1021 2484 te,
1045 2391 1084 2470 n
1102 2395 1226 2472 sanim
1241 2421 1288 2482 ex
1305 2398 1348 2478 ci·

338 2509 435 2586 vium
459 2535 612 2587 meorum
633 2506 810 2610 Tpotestate
836 2535 872 2591 te
896 2516 1012 2594 dimifi.
1055 2519 1111 2596 Ui
1131 2523 1214 2596 Non
1229 2535 1341 2620 negde

337 2654 441 2711 tuum
462 2657 515 2712 est
536 2639 756 2733 beneficium,
780 2641 872 2742 quod
891 2643 1001 2720 iucem
1019 2643 1270 2742 hancadspieiu.
1290 2651 1352 2728 H„

336 2763 471 2861 Ecquid
487 2788 571 2840 vero
585 2765 712 2858 dixisti,
727 2791 805 2846 etun
820 2768 892 2848 vita
908 2789 966 2846 tua
979 2771 1013 2846 in
1027 2791 1130 2848 manu
1147 2771 1234 2848 esset
1249 2777 1344 2866 mee?

338 2887 396 2970 Ui.
424 2888 559 2964 Multos
584 2891 731 2988 quaesivi
755 2891 942 2975 sermonum
967 2896 1117 2986 colores,
1144 2916 1184 2972 ut
1204 2923 1343 2990 mortem

332 3011 534 3112 effugerem.
575 3017 625 3092 H.
644 3017 756 3124 Quem
772 3017 877 3118 igitur
891 3021 1038 3098 animum
1055 3001 1119 3096 tibi
1135 3025 1207 3098 esse
1221 3027 1338 3120 dican,

331 3136 479 3244 Ulissee,
503 3139 561 3236 qui
588 3166 651 3238 pro
675 3161 772 3215 tanto
794 3143 875 3219 mihi
894 3147 1059 3224 beneficio
1077 3153 1177 3226 taient
1192 3157 1340 3253 rependis

330 3263 499 3362 gratiam?
523 3261 579 3336 sed
602 3261 756 3342 nimirum
771 3263 879 3346 hocce
901 3293 955 3346 est
975 3273 1073 3350 vobis
1090 3277 1276 3356 otatorsttus
1291 3281 1339 3358 in·

329 3385 490 3486 genium3
515 3369 635 3464 nuliam
656 3383 866 3470 habetis'vel
887 3397 1160 3492 benefadotum,
1183 3403 1241 3480 vei
1264 3393 1341 3484 ant·

278 3535 287 3577 t
326 3510 481 3588 citiarum
502 3513 677 3608 rationem,
688 3517 872 3596 dummodo
886 3523 1013 3623 popuio
1025 3526 1194 3624 placentie.
1219 3533 1337 3620 „Hoc

325 3635 420 3716 didio
444 3639 620 3737 Euripides
644 3643 899 3748 Atheniensium
915 3647 1118 3751 demagogos
1137 3651 1269 3754 oblique
1283 3627 1334 3730 te-

324 3761 426 3869 ¹tigit,
459 3787 479 3840 a
501 3789 643 3864 quorum
667 3771 815 3846 moribus
840 3771 970 3874 semper
994 3777 1065 3874 ejus
1088 3780 1261 3880 ingenium
1281 3785 1336 3860 tb-
1472 3781 1473 3840 ἶ

116 3891 119 3896 ’
321 3887 465 3996 dormit.
492 3895 653 3970 Ceterum
666 3891 778 3994 pergit
789 3899 967 3979 Hecuba.''
992 3903 1079 4003 Jam,
1096 3897 1235 4002 OEiises,
1251 3879 1333 4007 quai}
1472 3909 1473 3936 ¹

230 3995 234 4001 ¹
278 4101 282 4108 ,
316 4018 434 4135 eauasa
450 4017 521 4099 esse
539 4033 679 4122 potest,
697 4019 789 4124 quod
807 4019 984 4116 hannani]
1000 4012 1332 4132 viennam-expedi
1472 4055 1473 4122 f

779 4371 789 4412 i
