2956 5268
490 173 497 237 t
567 189 582 248 i

114 516 116 527 ·
267 571 270 580 ,
381 497 457 580 m
534 483 1239 588 nrsstnnnrrpnnvrnn

385 671 535 764 viseret,
567 669 638 748 iivr
660 685 698 746 ut
721 668 771 747 ibi
799 666 1043 785 hereditarium
1062 645 1246 771 negotium
1268 689 1417 774 agerer.u

387 801 453 876 Per
476 797 590 888 hanc,
621 796 658 870 ni
681 795 849 888 fallimur,
881 793 1095 870 occastonern
1119 800 1280 898 cognitor
1301 819 1358 898 ept
1383 827 1408 879 a

387 923 500 1002 virilis
523 920 629 998 animi
653 919 817 1014 muliere,
841 921 881 998 cir
907 923 990 997 nulii
1013 921 1198 1018 prircrrunt
1215 925 1406 1008 heroidum

385 1049 546 1141 secunda,
562 1045 729 1144 Septimia
744 1048 911 1140 Zenobia,
927 1067 1102 1146 quaerum
1118 1049 1273 1127 Orientis
1285 1051 1408 1153 irnpe-

385 1181 479 1258 rium
493 1175 643 1252 tenebat.
684 1171 783 1272 Quae
796 1197 867 1248 non
879 1173 1013 1250 minore
1028 1173 1189 1274 ingenio,
1207 1200 1308 1274 quarn
1324 1185 1408 1258 ani·

295 1299 301 1308 ’
387 1315 469 1397 mo,
501 1277 678 1398 praedita„
712 1309 792 1374 cu'tn
812 1300 916 1376 bonas
936 1315 1024 1374 artes
1044 1300 1234 1395 adamaret,
1265 1308 1409 1405 Longi.

385 1457 471 1511 utrm
485 1430 692 1504 Graecarum
708 1427 884 1510 literarum
897 1425 1097 1526 magistrum
1110 1429 1278 1507 adhibuit.
1318 1433 1408 1537 Quo

382 1581 478 1648 nno,
504 1551 530 1628 fi
554 1551 637 1650 quid
655 1553 867 1650 judicamur,
892 1574 1096 1650 argumento
1115 1555 1269 1631 concidit
1285 1556 1408 1636 fabuh

176 1696 183 1706 ’
336 1726 339 1739 ·
382 1684 434 1776 de
457 1679 634 1766 Zenobiae
658 1681 863 1780 Judaisrno,
896 1679 996 1776 saepe
1015 1677 1140 1775 jactata
1162 1685 1204 1756 ab
1228 1685 1406 1762 Ecclesiae

383 1807 550 1886 Patribus.
602 1807 689 1910 Quis
714 1805 808 1882 enirn
823 1806 1115 1904 credat'Jtrdaeam
1135 1809 1350 1886 Graecarum
1370 1814 1406 1887 li

381 1941 536 2014 teritum
548 1929 759 2031 magistrun,
780 1954 925 2030 eumque
937 1933 1192 2032 philosophum,
1204 1934 1407 2032 expetiisse.

247 2160 248 2172 ἵ
382 2061 490 2154 Cujus
507 2059 621 2156 gentis
646 2059 869 2152 quantumin
894 2062 1043 2136 Graecas
1068 2061 1179 2135 literar
1194 2060 1232 2136 &
1248 2061 1407 2158 philoso-

382 2180 504 2284 phiam
522 2181 642 2258 odium
656 2179 777 2272 fuerit,
793 2182 841 2256 nii
851 2183 974 2260 attinet
983 2185 1155 2282 disputare
1163 2189 1406 2284 postluctrlen·

309 2301 312 2310 ’
384 2303 804 2396 tam‚demonstrationem
824 2307 957 2386 Ernesti
981 2311 1032 2388 V.
1050 2313 1104 2390 ΕΙ.
1128 2315 1257 2411 Opust.
1275 2317 1406 2396 Philoi

380 2461 420 2538 p.
445 2447 540 2530 408.v
569 2433 671 2508 Unde
697 2434 805 2532 igitur
826 2433 887 2508 ista
910 2435 1061 2510 manavit
1085 2435 1223 2515 fabula?
1253 2423 1413 2542 Nempe¹

383 2564 428 2643 nb
452 2541 678 2640 immoderata
696 2557 734 2635 ἃ
757 2561 898 2638 minime
912 2560 1101 2639 Christiana
1113 2567 1348 2644 maledicendi
1369 2569 1410 2644 li·

383 2687 520 2776 centia,
546 2709 646 2785 quam
670 2688 759 2762 iilius
780 2689 902 2762 aetatis·
922 2685 1109 2766 orthodoxi
1135 2691 1195 2768 fibi
1220 2691 1256 2774 in
1271 2695 1414 2790 quosli-

382 2815 448 2896 bet
463 2837 485 2888 rr
499 2812 534 2886 se
549 2809 785 2889 dissentientes
800 2813 988 2892 sumebant,
1019 2810 1216 2894 Accusatur
1224 2837 1297 2888 etat
1314 2823 1409 2892 Pau·

382 2941 436 3020 lur
460 2933 713 3026 Samosatenur,
741 2957 820 3013 cum
841 2938 887 3014 ob
911 2939 990 3011 aliar
1015 2941 1218 3034 opiniones,
1241 2963 1324 3038 quar
1348 2967 1407 3018 re·

249 3132 257 3142 ,
379 3047 476 3173 ferre
499 3067 639 3160 longum
665 3082 734 3154 ert,
759 3064 798 3140 ἃ
811 3061 900 3138 haud
914 3059 1157 3154 necessarium,
1184 3083 1257 3144 tum
1275 3068 1324 3142 ob
1340 3071 1403 3167 Ju-

384 3191 510 3270 dairnri
547 3189 801 3286 suspicionem
833 3213 921 3264 ,mox
951 3189 1056 3266 etiam
1088 3193 1224 3268 Petrum
1252 3190 1403 3267 decreto

381 3313 596 3424 Episcopatu
622 3313 843 3390 Antiocheno
866 3313 1028 3412 dejectus.
1074 3317 1181 3392 Hunc
1206 3320 1248 3404 ab
1272 3317 1399 3394 adver·

271 3488 275 3497 -
378 3441 474 3524 scriis
492 3442 717 3518 vehementer
734 3443 963 3545 exagitantur,
984 3467 1063 3520 cum
1080 3444 1254 3538 Zenobia,
1269 3447 1401 3520 mulier

379 3539 606 3674 philosopher,¹
622 3567 670 3651 s&
697 3567 736 3643 in·
755 3569 925 3666 religione
938 3568 1071 3646 diversa
1090 3569 1273 3651 sentientes
1290 3573 1403 3652 facile

283 3773 285 3787 ,
339 3751 343 3760 r
382 3695 527 3806 herens,
561 3693 726 3771 tuendum
755 3695 983 3795 suscepisset,
1023 3695 1208 3776 orthodoxi
1237 3699 1401 3778 dolorem

383 3847 484 3934 quern
512 3812 593 3899 iride
613 3841 798 3922 ceperant,
832 3827 1060 3916 ulciscentes,
1091 3847 1161 3900 non
1182 3825 1286 3900 modo
1309 3829 1401 3904 Pau·

379 3953 453 4041 lunt
484 3953 737 4028 Samosatenum
765 3947 807 4022 ad
832 3949 924 4026 sacra
949 3951 1303 4050 Judaicatransrisse,
1340 3955 1400 4030 sed

380 4076 456 4186 ejus
480 4079 585 4163 etiarn
608 4095 788 4186 patronam
810 4075 976 4184 Judaerm
990 4077 1081 4179 erse,
1105 4076 1166 4160 suo
1176 4077 1255 4182 jure
1268 4081 1400 4166 clama·

1221 4255 1225 4278 t
1302 4225 1402 4292 tunt,
