2964 5252
365 479 420 562 18
495 465 809 552 EURIPIDIS
834 463 1247 548 TRAGOEDIAE'

369 649 537 740 mentori,
572 644 738 722 Thtrc'ne
762 643 861 743 hujus
880 643 973 744 regi,
1000 645 1217 722 oducrndun
1258 645 1431 781 tradideqe

365 793 442 866 rat,
465 772 601 872 adjecto
623 793 747 869 unguo
761 791 833 843 aun
822 767 1027 868 '3pondere
1052 791 1120 864 ut,
1142 773 1297 847 fiforte
1317 721 1431 845 Tro

365 901 439 1000 jam
464 899 588 978 Graeci
613 914 796 996 cuperent,
828 893 968 986 hbetir,
993 895 1054 992 qui
1075 895 1316 997 superessent,
1350 897 1406 974 ab
1457 921 1458 992 ὲ

370 1026 470 1124 ‚quod
484 1027 578 1102 vitae
597 1041 752 1124 paratum
771 1019 859 1096 esset
882 1021 1073 1100 subsrdiunu
1116 1023 1264 1117 Verum,
1294 1043 1402 1122 capn

371 1152 510 1250 λΤιοῇι,
543 1145 752 1248 Polymestor
782 1148 964 1246 repudiant
989 1145 1030 1224 dc
1057 1151 1234 1228 amicitiam
1262 1151 1401 1228 Priami

371 1277 414 1358 δι
433 1278 491 1374 jus
520 1274 677 1373 hospitii,
711 1296 768 1348 me
784 1299 788 1307 ¹
803 1271 979 1350 interfecit
1003 1277 1044 1352 ἃ
1073 1275 1220 1353 inurere
1241 1276 1399 1375 abjecit,

374 1425 457 1480 auro
476 1398 694 1508 ipse'potitus
717 1418 782 1475 est.
832 1401 974 1498 Jamque
997 1405 1054 1480 hr'c
1074 1423 1130 1480 est
1149 1401 1282 1478 cerritu
1295 1400 1397 1490 dies,
1458 1427 1459 1456 ι

375 1527 470 1628 quod
493 1550 616 1623 corpus
631 1549 746 1603 meum
766 1527 931 1602 undarum
949 1529 1100 1607 fludiibut
1113 1529 1277 1628 agitatur.
1313 1529 1400 1624 Ego

375 1678 491 1746 Ιιτιιο,
514 1677 584 1750 quo
607 1651 771 1751 sepulchri
791 1653 961 1755 particeps
983 1657 1117 1748 fierem,
1139 1655 1184 1728 ab
1205 1653 1396 1730 inferorun

381 1783 487 1882 Rege
513 1781 602 1858 hanc
629 1781 765 1858 veniam
793 1782 964 1879 peroravi
997 1803 1099 1882 atque
1127 1779 1335 1890 inpetrari,
1362 1801 1395 1856 ut

382 1909 493 1988 breve
507 1926 642 2005 tempus
656 1905 1064 2004 adsuperosredirem,&
1077 1907 1394 1992 efficeremntcor·

386 2057 452 2132 pus
479 2054 595 2108 meum
617 2034 717 2110 matri
747 2034 954 2113 redderettu.
1012 2033 1125 2131 Atqui
1146 2032 1262 2107 misera
1290 2053 1393 2108 mater

383 2156 500 2246 aliun,
525 2177 660 2254 praeter
681 2161 829 2252 hancce,
853 2183 995 2260 eamque
1017 2157 1257 2235 atrocissnnaur
1278 2155 1391 2231 subibit

386 2277 619 2357 cularru'tatern.
672 2284 813 2359 Achillis
832 2287 923 2360 enim
948 2307 1066 2360 manes
1084 2285 1130 2360 ad
1145 2286 1215 2384 ejus
1234 2286 1388 2360 tumulum

386 2422 637 2502 apparuerunt,
659 2423 761 2504 atque
777 2411 969 2508 Polyxenae
990 2411 1053 2486 fibi
1079 2410 1268 2486 sacrificium
1291 2435 1390 2510 expo

389 2527 590 2628 poscerant:
613 2553 724 2628 neque
753 2532 820 2622 hoc
845 2534 879 2608 ei
896 2535 1077 2634 negabitur
1100 2535 1282 2611 aeneos:
1306 2561 1387 2611 nem

389 2651 503 2732 satum
529 2655 722 2754 Polyxenae
756 2681 902 2738 mortem
929 2661 1146 2759 deproperat.
1197 2660 1297 2759 Igitur
1320 2665 1386 2738 boc
1459 2657 1460 2666 ‘

391 2807 464 2862 uno
476 2782 535 2858 die
546 2801 655 2857 mater
669 2785 812 2863 duorum
833 2807 988 2865 natorum
1000 2787 1040 2866 dr
1053 2808 1200 2864 mortem
1219 2806 1388 2888 cognoscet

393 2901 435 2979 ἃ
458 2905 621 2982 mdivera
641 2911 811 3009 adspiciet.
854 2915 923 2990 sed
943 2935 1025 2990 ecce
1044 2913 1156 3012 prodit
1183 2915 1304 2988 ruiserrr
1333 2937 1389 2988 ιιι·

394 3045 450 3106 ter
472 3053 517 3108 eu
542 3033 805 3137 Agamemnonis
833 3039 1001 3132 tentorio,
1025 3039 1175 3112 exterrita
1197 3060 1278 3112 meo
1296 3037 1393 3114 sunu

394 3157 526 3233 Iachro!
552 3159 684 3232 Abeanr
710 3183 754 3236 ex
784 3162 856 3260 ejus
886 3161 1092 3263 conspeetu?
1126 3159 1232 3255 Vah,
1256 3166 1395 3242 miserri-

395 3281 478 3356 rima
501 3279 721 3359 foeminarum
731 3287 747 3380 ‚'
774 3307 863 3384 quae
887 3286 996 3387 ejedta
1022 3290 1117 3388 regio
1133 3289 1290 3390 avitoque
1314 3296 1393 3392 pub

304 3501 311 3518 .
395 3403 469 3496 tio,
498 3429 590 3484 nunc
616 3409 651 3486 in
675 3413 840 3489 servitute
863 3415 1016 3512 squaleo!
1050 3415 1196 3491 Adeone
1219 3415 1281 3490 tibi
1305 3422 1391 3494 Deus

393 3553 458 3632 pro
499 3558 620 3690 magna
662 3535 827 3615 felicitae
878 3543 1048 3640 aequatem
1088 3539 1302 3623 calamitetern
1349 3569 1391 3620 re-

395 3658 576 3759 pendit?’'

408 3787 574 3874 Prnnoo
595 3789 710 3866 versus
728 3791 813 3868 duos
830 3795 964 3894 parodia
986 3797 1051 3874 ius
1047 3815 1081 3892 t
1107 3819 1147 3874 ut
1164 3821 1217 3878 est
1240 3825 1313 3876 mot
1337 3805 1388 3876 Co
1444 3791 1448 3900 I

392 3909 580 4014 nieorum,
605 3913 881 4016 Arntopnaner
870 3945 906 4004 tn
927 3922 1040 4008 fabula
1052 3927 1188 4030 perdta
1204 3953 1257 4031 ap.
1274 3929 1390 4006 Athen

249 4069 256 4082 ’
467 4075 478 4120 ··
867 4101 872 4111 =
1193 4058 1304 4134 Ι.
1327 4050 1448 4130 ΙΙΙ.
