2986 5262
147 527 1024 657 'iuthnn‘nrsrmsosrusn
1074 577 1121 658 st

120 717 251 812 deinde
262 727 499 811 inconsiderati
517 726 556 806 dr
571 751 691 828 parum
706 749 762 806 res
775 732 937 810 humanas
950 737 1123 833 callentis,

120 863 253 950 dicere,
270 881 324 934 eas
339 858 483 957 singular
497 857 540 933 ad
555 855 699 936 eandem
714 857 882 936 rationem
898 864 968 938 esse
984 862 1125 940 consor·
1249 865 1260 882 ‘

119 1009 243 1078 maras3
268 983 349 1062 sess
366 1002 504 1078 omnes,
529 983 588 1083 qui
604 981 641 1058 in
656 985 780 1062 eodem
797 991 927 1086 populo
942 991 1124 1087 viverent,

116 1112 238 1193 eadem
259 1113 434 1190 literarum
460 1109 589 1202 studia,
620 1127 680 1186 aut
706 1110 744 1186 iu
768 1109 891 1188 iisdem
906 1113 1026 1194 studiis
1043 1141 1125 1198 ean·

2 1223 3 1230 ¹
114 1239 195 1316 dem
212 1239 406 1330 rationem,
433 1236 526 1337 sequi
547 1237 686 1314 necesse
702 1233 799 1313 easetr
847 1238 975 1338 Neque
990 1245 1124 1324 enimsi

115 1387 152 1442 n.
169 1389 201 1442 c.
224 1363 261 1442 in
277 1365 458 1444 Germanis
473 1361 631 1440 Ernestus
646 1361 685 1440 dt
699 1364 858 1465 Heynius
871 1371 1045 1464 praeclare
1061 1395 1123 1448 ve·

114 1511 206 1572 teres
221 1493 403 1594 scriptores
418 1489 719 1589 interpretantur„
732 1491 901 1568 continuo
924 1491 1125 1588 Fischerus,
1185 1553 1189 1562 .

112 1621 193 1720 quia
207 1623 396 1702 Germanus
413 1637 486 1712 est,
511 1618 547 1693 in
564 1614 715 1715 eiusdem
731 1617 838 1694 laudis
852 1617 1049 1696 societatem
1065 1619 1144 1700 acl-¹

109 1745 278 1845 jungitur.
330 1748 380 1822 At
402 1744 468 1820 sint
491 1741 674 1818 nonnullae
696 1743 731 1818 in
755 1745 820 1822 hae
847 1749 991 1846 regione
1013 1747 1127 1824 saetae

115 1871 423 1960 editiones-rates,
457 1871 572 1968 quales
594 1869 774 1944 Fiseherut
797 1871 1026 1968 pronunciat:
1064 1873 1127 1950 has

114 1998 257 2095 quidem
273 2021 350 2089 nor,
367 1997 450 2072 licet
465 2017 537 2068 non
551 1993 748 2090 probemus,-
769 1995 1131 2075 tamensischerianae

107 2120 287 2218 jeJ‘unitati
310 2120 452 2197 omnino
466 2115 692 2214 praeferimus
708 2139 718 2191 :
744 2113 843 2192 aursi
863 2119 1033 2198 notandae
1048 2122 1128 2200 sunt

113 2247 218 2324 etiam
232 2247 298 2324 hae
311 2241 502 2332 editiones,
529 2261 625 2316 certe
639 2264 710 2318 non
727 2241 778 2318 est
793 2242 823 2318 is
840 2243 1038 2340 Fischerus,
1064 2251 1125 2350 qui
1183 2239 1185 2250 ’

112 2376 205 2452 hanc
226 2374 401 2451 censuram
416 2369 585 2470 suscipere
599 2369 711 2470 pollin
760 2373 922 2448 Ceterum
937 2371 1126 2456 &Platoni

112 2505 224 2602 plpres
240 2501 454 2578 eonciliasset
466 2499 623 2590 ledlores,
637 2495 676 2572 dt
692 2493 876 2572 ledloribus
887 2497 1124 2578 difficultatem
1240 2529 1246 2535 ·

111 2629 330 2730 intelligendi
353 2623 553 2714 minuisset,
577 2621 602 2698 si
626 2622 841 2698 amoeniores
855 2621 894 2696 dr
910 2623 952 2698 ad
968 2646 1124 2698 commu·

113 2779 196 2834 uem
218 2772 357 2853 captum
382 2749 557 2839 faciliores
579 2747 741 2818 edidisset
764 2741 939 2840 dialogos..
977 2746 1053 2836 lta,
1077 2771 1124 2826 ex

100 2885 194 2978 lillis,
211 2881 272 2976 qui
287 2882 331 2950 ab
348 2871 483 2948 colunt
500 2867 604 2957 editi,
623 2867 795 2942 faciliores
806 2867 881 2940 sunt
894 2867 1123 2968 Errthyphro,
1169 2955 1171 2972 Ι

114 3005 230 3095 Crito,
246 2996 421 3098 Apologia
436 2995 484 3086 8.,
502 2991 729 3092 symposium,
740 2993 907 3091 cratylus,¹
923 2991 974 3088 dt,
988 3021 1034 3076 ex
1049 3021 1121 3076 ma.

106 3128 178 3230 lori
200 3121 338 3226 quidem
361 3139 480 3218 parte,
516 3117 695 3194 Phaedonr
722 3114 780 3192 sed
803 3119 1031 3214 Theaetetus,
1056 3125 1122 3198 So·

108 3251 233 3358 puina,
248 3248 430 3339 Politicus,
450 3242 621 3336 Philebus,
640 3241 679 3320 dt
694 3245 731 3320 in
745 3245 866 3344 primis
881 3247 1120 3342 Parmenides,

107 3382 198 3459 adeo
219 3372 394 3452 versantur
412 3373 455 3457 ‚in
479 3373 580 3447 rebus
606 3368 751 3461 abditis,
779 3370 818 3450 dt
841 3373 935 3471 pleni
951 3371 1027 3450 sunt
1046 3376 1120 3452 dia·

108 3505 227 3588 tetrici
241 3497 429 3590 acuminis,
451 3513 489 3570 ut
505 3495 731 3593 interpretem
744 3495 917 3596 requirant
933 3501 1022 3578 haud
1038 3525 1121 3603 qua·

109 3607 212 3735 'quim
239 3629 401 3704 hebetem
436 3621 642 3722 Graecisque
673 3621 782 3698 literis
813 3621 938 3702 leviter
959 3627 1117 3708 maun
1235 3703 1239 3714 ,

109 3758 205 3864 Quid
227 3755 334 3856 igitur
358 3749 495 3832 canuae,
511 3747 601 3843 fuit,
626 3748 709 3850 quin
732 3747 848 3848 potius
870 3751 1116 3856 Protagoram,
1228 3761 1240 3797 l

110 3885 294 3986 Hippiam,
309 3876 583 3978 Euthydemus,
598 3877 766 3980 Gorgiam
782 3876 924 3972 ederet,
945 3901 1004 3957 aut
1016 3885 1117 3984 Sym·
1153 3921 1156 3932 ·

52 3993 61 4006 ’
109 4009 208 4112 pusio
223 4004 411 4097 Phaedrum
425 4003 655 4104 adjungeret?
679 4003 759 4080 Nos
774 4026 858 4080 vero
873 4006 942 4080 alio
959 4026 1119 4110 tempore

108 4135 155 4242 de
184 4155 254 4212 uno
285 4149 388 4233 atque
409 4131 523 4210 altero
547 4109 697 4210 Platonis
727 4131 867 4231 dialogo
895 4133 1116 4230 peculiariter

521 4323 525 4334 .
607 4260 638 4335 C
1046 4257 1116 4338 dis-
