2986 5262
384 427 1316 572 4›crcanou1sotann;

384 649 617 750 perfeffiono,
640 631 804 724 rationem
827 649 962 728 secutus
984 651 1043 744 iit,
1069 676 1132 753 age
1153 659 1339 742 videamur.
1475 735 1476 768 ,

433 775 647 872 Exemplum,
656 771 713 848 seu
727 775 938 866 textunbac
953 779 1102 856 editione
1109 780 1255 860 reddidit
1265 790 1393 866 Grato·

384 900 512 974 rianum
522 923 531 975 t
543 899 585 974 ad
595 921 695 996 quern
711 901 1277 984 emendandumucnutituendum
1291 911 1395 986 libros

325 1055 327 1058 ·
387 1028 512 1101 multos
540 1027 712 1122 antiquos,
730 1048 808 1100 curn
830 1027 974 1124 scriptos
995 1046 1066 1104 turn
1086 1031 1177 1130 typis
1200 1037 1392 1134 enpreffos,

382 1149 554 1264 adhibuit,
577 1152 763 1246 ntrdtasque
781 1167 954 1248 praeterea
966 1156 1225 1240 emendationes
1247 1161 1316 1258 ipse
1330 1159 1392 1234 suo

156 1327 160 1336 .
269 1295 306 1386 ξ’
374 1265 521 1376 ,ingenio
548 1275 690 1386 peperit.
722 1277 778 1350 Ex
801 1273 942 1350 lautiore
961 1276 1023 1352 hac
1046 1281 1163 1358 critica
1188 1285 1391 1383 supellectite

383 1421 481 1478 notas
506 1400 646 1498 subjecit
671 1399 809 1492 textui,
840 1400 897 1477 sed
922 1383 1086 1496 ejusmodi
1112 1407 1247 1504 saltem,
1266 1403 1391 1509 quibus

320 1564 326 1574 ν
384 1527 440 1602 vel
479 1547 561 1600 vera
596 1525 697 1603 lediio
732 1523 962 1632 vindicaretur
985 1532 1041 1605 vel
1069 1531 1146 1608 falsa
1181 1557 1388 1636 argueretur.
1422 1555 1424 1558 ·

382 1649 476 1724 Nam
504 1659 578 1726 tota
605 1649 659 1724 illa
682 1625 953 1725 observationum
977 1655 1104 1752 copia,
1136 1681 1222 1756 quae
1247 1663 1292 1754 ad
1315 1665 1388 1748 illu·

235 1833 236 1838 ,
381 1769 573 1850 strationem
601 1795 714 1850 rerutn
742 1777 991 1874 verborumque
1021 1781 1192 1880 pertinet,
1222 1784 1259 1860 in
1289 1789 1388 1863 Ciavi

382 1897 522 1992 seposrta
546 1898 614 1989 est,
638 1917 679 1973 ut
701 1900 737 1975 in
760 1901 1036 1981 antecedentibus
1060 1907 1275 1992 editionibus?
1311 1916 1389 1991 Ve-

267 2015 308 2110 3‘
382 2041 457 2092 rum
479 2018 522 2092 de
539 2019 633 2093 Clavi
647 2019 762 2116 postea
779 2041 981 2117 exponetur.

420 2119 506 2232 Sed,
515 2159 555 2216 ut
566 2140 712 2240 singulae
727 2144 838 2243 operis
852 2167 966 2244 partes
980 2107 1298 2256 habentpedtdiares
1314 2165 1388 2252 suat

379 2267 616 2368 praefationes,
623 2265 668 2342 stc
677 2266 833 2346 universo
844 2295 939 2369 opert
949 2299 1134 2358 commurus
1144 2309 1185 2362 at
1196 2311 1286 2368 nova
1291 2315 1387 2391 prat·

233 2425 235 2433 ¹
380 2395 480 2474 rn‘iss‘a
488 2387 537 2470 e'st
549 2391 732 2492 praefatio,
740 2415 840 2496 quarn
852 2419 987 2478 exuero
1004 2392 1187 2496 πρόσωπον
1204 2407 1386 2502 τηλαυγὲς

379 2516 767 2617 vocatepoffutnus.1n
784 2543 825 2594 ea
841 2519 908 2597 hoc
922 2525 992 2624 egit
1006 2523 1176 2622 Ernestus,
1182 2552 1222 2606 ut
1231 2533 1384 2614 universe

43 2648 48 2665 '
196 2675 224 2702 ··
372 2635 555 2718 deCritica
570 2640 1001 2742 Ciceroniana-diceret,&
1016 2651 1126 2728 veluti
1143 2656 1285 2734 fonuam
1305 2682 1383 2760 per·

243 2863 250 2875 Ι
379 2763 465 2840 fecti
484 2763 602 2838 Critici
619 2767 828 2844 Ciceroniani
849 2794 1065 2870 proponeret.
1099 2782 1194 2858 Tota
1205 2784 1285 2882 ejus
1297 2786 1384 2864 ratio

379 2887 438 2962 est
450 2885 624 2984 bipertita·
648 2887 792 2984 primun
818 2893 888 2990 ipst
917 2895 1089 2993 perscitus
1113 2909 1259 2982 criticus
1278 2913 1383 2988 Cice·

378 3009 534 3118 ronianus
562 3006 782 3108 informatur,
806 3015 846 3094 dc
864 3025 982 3096 cume
977 3024 1034 3122 jus
1049 3028 1229 3126 exemplari
1247 3056 1386 3138 compa·

191 3111 198 3123 ’
265 3167 274 3187 =
378 3153 494 3210 rantur
492 3131 573 3229 ,qui
587 3153 666 3208 ante
675 3136 877 3218 Ernestum
866 3169 901 3222 1n
919 3149 1122 3226 recensendo
1129 3151 1292 3236 Cicerone
1302 3187 1383 3240 ver

332 3261 352 3278 ’“
380 3259 442 3338 sati
468 3259 563 3334 sunt:
589 3255 730 3356 deinde,
760 3268 858 3343 utin
889 3269 1020 3370 ungulis
1043 3301 1182 3374 opetum
1209 3283 1382 3366 Ciceronis

376 3383 658 3460 voluminibuede
675 3387 878 3470 editionibus
896 3397 1153 3492 dicitur,fic1n
1168 3404 1254 3500 hoc,
1270 3412 1381 3490 veluti

377 3509 471 3586 aditu
500 3533 641 3610 operum
666 3515 913 3615 universorum,
947 3524 991 3599 de
1019 3527 1223 3608 editionibus
1263 3559 1380 3652 eorutn

375 3636 631 3748 accommodate
648 3639 689 3714 ad
710 3639 865 3722 criticam
885 3652 1048 3728 rationem
1071 3660 1264 3754 exponitur.

300 3745 331 3862 .¹
426 3763 489 3875 Et
520 3736 637 3837 critici
679 3768 815 3862 quidem
859 3753 1067 3856 ciceroniani
1116 3785 1262 3882 perfecti
1309 3793 1385 3872 laur

376 3867 521 4004 quatuor
554 3888 737 3972 virtutibus
771 3900 928 3978 cernitur.
979 3907 1090 3982 Prima
1118 3904 1168 3982 est
1216 3905 1379 4016 exquisita

375 3993 596 4092 latinitatis
609 4015 797 4097 scientia
785 4047 822 4105 tn
858 4025 990 4130 lingulis
1028 4032 1141 4134 verbis
1191 4033 1378 4142 setinisque
1415 4051 1421 4058 '

1328 4165 1378 4246 di-
