2904 5248
372 557 424 639 14,
530 497 1309 614 -'acH·1nurs'Tn5s11‘

373 709 640 810 Interreliquos
666 733 751 785 vero
760 765 772 802 ,
797 730 835 784 ut
858 709 948 821 inter
973 715 1084 806 tales,
1111 713 1286 811 principes
1305 717 1386 796 sunt

374 845 473 936 dno,
504 837 714 922 Heliodorus
740 835 779 911 ἃ
804 838 958 914 Achilles
976 838 1126 930 Tatius,
1151 841 1304 937 aequales
1329 867 1384 922 ae·

360 937 446 1061 ‘tate
460 1013 485 1062 ,·
506 963 628 1050 ssmiles
654 959 809 1036 instituto
828 1017 842 1058 ,
874 963 1108 1058 inventione,
1132 965 1386 1067 dispositione,

219 1113 224 1123 ¹
241 1169 246 1182 ,
264 1059 271 1078 Ι
355 1105 473 1203 'pares
489 1091 594 1166 etiam
608 1088 683 1162 fere
698 1087 852 1164 dostrina
868 1087 907 1164 oc
926 1088 1092 1188 oratione.

359 1249 365 1266 ·
422 1221 526 1310 Nos,
553 1213 642 1315 quod
672 1211 897 1311 suscepimus,
921 1239 1013 1292 nunc
1036 1217 1082 1290 de
1101 1216 1239 1326 Achille
1263 1219 1380 1318 dispu-

359 1348 543 1436 tabimus,
581 1340 621 1417 &
642 1341 792 1439 primum
807 1341 851 1416 de
873 1341 974 1438 ipfius
998 1345 1131 1420 fabulae
1154 1365 1378 1443 argumento,

357 1471 552 1561 laudibus,
574 1467 739 1567 vitiisque
753 1488 996 1603 exponemus,
1023 1469 1150 1550 deinde
1173 1470 1219 1546 de
1238 1467 1381 1548 editoris

369 1625 477 1699 opera
494 1597 690 1672 statuemus.

428 1724 581 1823 Hippias
613 1719 743 1818 Tyrius
772 1725 825 1800 bis
856 1727 1112 1804 matrimonium
1143 1728 1304 1806 inierat:
1343 1753 1381 1808 er

357 1848 614 1952 priore-filiurn
629 1835 964 1946 Clilophoutem,ex
978 1853 1165 1954 posteriore
1179 1856 1285 1932 filiam
1299 1859 1386 1931 Cal·

355 1977 513 2072 ⁸ligonen
536 1977 741 2070 susceperat.
801 1980 880 2056 Hos
909 1980 1034 2058 liberos
1059 2009 1137 2061 cum
1169 2004 1290 2062 mutuo
1332 1982 1387 2058 in·

360 2117 425 2172 -ter
438 2099 477 2170 te
492 2093 711 2168 matrimonio
728 2096 938 2194 conjungere
952 2110 1077 2202 vellet,
1098 2113 1235 2214 jamque
1250 2109 1335 2182 fere
1354 2109 1388 2182 iu

363 2245 415 2302 eo
439 2217 547 2310 esset,
572 2234 610 2290 ut
637 2217 771 2334 nuptias
790 2243 907 2297 eorum
924 2231 1133 2326 celebraret,
1158 2238 1305 2312 veniunt
1320 2237 1392 2335 uy-

361 2345 486 2443 ,zantio
509 2343 645 2441 Tyrum
668 2341 780 2418 fratris
803 2345 876 2440 ejus
888 2349 1028 2429 Sostrati
1049 2382 1134 2434 tuor
1151 2365 1323 2458 Panthia,
1349 2363 1388 2438 or

368 2471 551 2568 Leucippe
571 2471 649 2545 filia.
676 2469 879 2580 ¹§litophon
895 2477 954 2574 qui
970 2479 1142 2582 hucusque
1159 2489 1324 2566 sororem
1342 2492 1388 2564 sa·

367 2603 415 2686 tis
441 2595 615 2686 amasset,
641 2587 752 2694 ne'que
780 2599 822 2672 ab
848 2599 920 2694 ejus
945 2609 1108 2706 conjugio
1119 2613 1391 2705 abhorruisset,

367 2743 516 2824 repente
536 2739 685 2798 mutatur
707 2725 903 2824 Leucippes
922 2728 1082 2827 adspettu
1107 2756 1115 2803 :
1143 2735 1185 2806 ad
1208 2737 1302 2809 hane
1325 2755 1392 2811 to·

370 2869 410 2925 to
431 2849 547 2924 animo
564 2848 800 2940 convertitur,
824 2872 844 2923 a
863 2850 1040 2950 Calligone
1055 2859 1231 2937 avertitur.
1287 2866 1391 2962 Ignis

371 2989 562 3070 conceptus
577 2973 731 3073 quotidie
746 2975 889 3066 crescit,
908 2975 1062 3058 videndo
1075 2988 1246 3082 puellam,
1275 2993 1389 3064 collo·

372 3103 575 3203 quendoque
596 3123 675 3174 cum
691 3121 750 3186 ea3
777 3097 835 3172 sed
859 3107 1033 3198 quomodo
1049 3131 1088 3183 ea
1112 3075 1296 3209 potiretur
1313 3143 1391 3194 non

371 3221 613 3320 inueniebat,
602 3247 703 3322 inops
718 3223 847 3324 quippe
864 3227 1041 3308 consilii&
1057 3256 1177 3312 recens
1195 3238 1232 3317 in
1250 3268 1393 3324 amore

371 3347 477 3458 Quod
501 3346 639 3447 quidem
653 3352 779 3466 partim
800 3354 964 3434 edocetur
981 3383 1000 3434 a
1018 3360 1130 3438 Clinia
1146 3367 1394 3464 consobrino,

372 3477 504 3572 dntibus
529 3472 627 3548 annis
643 3473 774 3571 majore
787 3479 977 3580 eodemque
989 3490 1160 3567 amoribus
1174 3493 1265 3570 haud
1283 3496 1401 3574 inex·

371 3602 520 3698 ercitaro
541 3601 696 3698 juvene,
719 3603 846 3698 partim
869 3611 1047 3708 adjuvatur
1071 3601 1204 3719 Satyri,
1227 3619 1402 3698 summae

370 3731 464 3811 servi
487 3727 655 3820 astutiae,
685 3752 799 3827 opera.
851 3735 1013 3814 Habebat
1034 3765 1147 3823 autem
1164 3751 1361 3848 Leucippe
1389 3809 1400 3843 ,
1428 3731 1429 3754 ¹

333 3935 336 3943 λ
373 3876 412 3936 ut
441 3856 604 3932 sununam
626 3855 760 3956 formae
786 3859 1099 3960 pulchritudinem,
1125 3871 1173 3946 ita
1200 3875 1397 3973 ingenium

375 3981 465 4060 haud
482 3982 661 4081 superbum
677 4004 779 4082 atque
789 3983 933 4077 durum,
960 3988 1017 4067 sed
1033 3993 1152 4087 suave,
1178 3997 1397 4120 humanum,

377 4133 479 4212 atque
499 4111 656 4232 elegerim
680 4110 841 4198 uudeob
797 4111 958 4212 obsequio
987 4115 1158 4206 &amore
1173 4127 1396 4255 Clitopb0n3

605 4299 608 4306 .
1353 4259 1401 4335 tis
