<?xml version="1.0" encoding="UTF-8"?>
<!DOCTYPE html PUBLIC "-//W3C//DTD XHTML 1.0 Transitional//EN"
    "http://www.w3.org/TR/xhtml1/DTD/xhtml1-transitional.dtd">
<html xmlns="http://www.w3.org/1999/xhtml" xml:lang="en" lang="en">
 <head>
  <title>
</title>
<meta http-equiv="Content-Type" content="text/html;charset=utf-8" />
  <meta name='ocr-system' content='tesseract 3.04.00' />
  <meta name='ocr-capabilities' content='ocr_page ocr_carea ocr_par ocr_line ocrx_word'/>
</head>
<body>
  <div class='ocr_page' id='page_1' title='image "./bibliothecacrit01wyttgoog_0396.png"; bbox 0 0 2964 5252; ppageno 0'>
   <div class='ocr_carea' id='block_1_1' title="bbox 258 395 1135 554">
    <p class='ocr_par' dir='ltr' id='par_1_1' title="bbox 258 395 1135 554">
     <span class='ocr_line' id='line_1_1' title="bbox 258 395 1135 554; baseline -0.007 -16"><span class='ocrx_word' id='word_1_1' title='bbox 258 395 636 538; x_wconf 66' lang='lat' dir='ltr'><strong>RELATIONES</strong></span> <span class='ocrx_word' id='word_1_2' title='bbox 668 457 1010 538; x_wconf 82' lang='lat' dir='ltr'>BREVIORES.</span> <span class='ocrx_word' id='word_1_3' title='bbox 1062 475 1135 554; x_wconf 79' lang='lat'><strong>117</strong></span> 
     </span>
    </p>
   </div>
   <div class='ocr_carea' id='block_1_2' title="bbox 81 635 1206 3886">
    <p class='ocr_par' dir='ltr' id='par_1_2' title="bbox 81 635 1206 3886">
     <span class='ocr_line' id='line_1_2' title="bbox 117 635 1166 744; baseline -0.004 -24"><span class='ocrx_word' id='word_1_4' title='bbox 117 659 162 720; x_wconf 90' lang='lat' dir='ltr'><strong>ut</strong></span> <span class='ocrx_word' id='word_1_5' title='bbox 184 665 229 719; x_wconf 89' lang='lat' dir='ltr'><strong>eo</strong></span> <span class='ocrx_word' id='word_1_6' title='bbox 243 645 320 742; x_wconf 77' lang='lat' dir='ltr'><strong>plur</strong></span> <span class='ocrx_word' id='word_1_7' title='bbox 344 639 547 744; x_wconf 82' lang='lat' dir='ltr'><strong>diligentiae</strong></span> <span class='ocrx_word' id='word_1_8' title='bbox 568 651 714 740; x_wconf 83' lang='lat' dir='ltr'><strong>poneret</strong></span> <span class='ocrx_word' id='word_1_9' title='bbox 734 641 771 718; x_wconf 89' lang='lat' dir='ltr'><strong>in</strong></span> <span class='ocrx_word' id='word_1_10' title='bbox 791 637 1031 738; x_wconf 88' lang='lat' dir='ltr'><strong>conquirendis</strong></span> <span class='ocrx_word' id='word_1_11' title='bbox 1053 640 1128 716; x_wconf 85' lang='lat' dir='ltr'><strong>ani·</strong></span> <span class='ocrx_word' id='word_1_12' title='bbox 1162 635 1166 677; x_wconf 75' lang='lat'><strong><em>⁵</em></strong></span> 
     </span>
     <span class='ocr_line' id='line_1_3' title="bbox 117 745 1124 867; baseline -0.002 -23"><span class='ocrx_word' id='word_1_13' title='bbox 117 768 408 846; x_wconf 83' lang='lat' dir='ltr'><strong>madverlionibur</strong></span> <span class='ocrx_word' id='word_1_14' title='bbox 451 789 516 867; x_wconf 89' lang='lat' dir='ltr'><strong>pet·</strong></span> <span class='ocrx_word' id='word_1_15' title='bbox 569 771 663 846; x_wconf 88' lang='lat' dir='ltr'><strong>varia</strong></span> <span class='ocrx_word' id='word_1_16' title='bbox 707 745 886 844; x_wconf 74' lang='lat' dir='ltr'><strong>dodlorurn</strong></span> <span class='ocrx_word' id='word_1_17' title='bbox 943 765 1124 842; x_wconf 84' lang='lat' dir='ltr'><strong>hominum</strong></span> 
     </span>
     <span class='ocr_line' id='line_1_4' title="bbox 114 891 1122 1000; baseline -0.002 -30"><span class='ocrx_word' id='word_1_18' title='bbox 114 895 243 996; x_wconf 85' lang='lat' dir='ltr'><strong>scripta</strong></span> <span class='ocrx_word' id='word_1_19' title='bbox 263 891 446 1000; x_wconf 72' lang='lat' dir='ltr'><strong>disperso,</strong></span> <span class='ocrx_word' id='word_1_20' title='bbox 478 895 601 994; x_wconf 81' lang='lat' dir='ltr'><strong>quibus</strong></span> <span class='ocrx_word' id='word_1_21' title='bbox 627 899 830 996; x_wconf 88' lang='lat' dir='ltr'><strong>Apollonius</strong></span> <span class='ocrx_word' id='word_1_22' title='bbox 854 897 910 970; x_wconf 83' lang='lat' dir='ltr'><strong>vel</strong></span> <span class='ocrx_word' id='word_1_23' title='bbox 931 895 1122 991; x_wconf 79' lang='lat' dir='ltr'><strong>explicatur</strong></span> 
     </span>
     <span class='ocr_line' id='line_1_5' title="bbox 115 1019 1120 1128; baseline -0.002 -32"><span class='ocrx_word' id='word_1_24' title='bbox 115 1022 172 1096; x_wconf 85' lang='lat' dir='ltr'><strong>vel</strong></span> <span class='ocrx_word' id='word_1_25' title='bbox 202 1019 413 1096; x_wconf 86' lang='lat' dir='ltr'><strong>emendatur.</strong></span> <span class='ocrx_word' id='word_1_26' title='bbox 473 1019 626 1128; x_wconf 85' lang='lat' dir='ltr'><strong>Quarum</strong></span> <span class='ocrx_word' id='word_1_27' title='bbox 658 1041 781 1120; x_wconf 86' lang='lat' dir='ltr'><strong>quanta</strong></span> <span class='ocrx_word' id='word_1_28' title='bbox 807 1019 847 1094; x_wconf 85' lang='lat' dir='ltr'><strong>stt</strong></span> <span class='ocrx_word' id='word_1_29' title='bbox 878 1019 980 1116; x_wconf 85' lang='lat' dir='ltr'><strong>copia</strong></span> <span class='ocrx_word' id='word_1_30' title='bbox 1003 1020 1120 1096; x_wconf 82' lang='lat' dir='ltr'><strong>existi·</strong></span> 
     </span>
     <span class='ocr_line' id='line_1_6' title="bbox 114 1143 1130 1244; baseline 0.008 -26"><span class='ocrx_word' id='word_1_31' title='bbox 114 1143 203 1218; x_wconf 83' lang='lat' dir='ltr'><strong>mari</strong></span> <span class='ocrx_word' id='word_1_32' title='bbox 226 1166 365 1242; x_wconf 84' lang='lat' dir='ltr'><strong>potest,</strong></span> <span class='ocrx_word' id='word_1_33' title='bbox 388 1145 479 1244; x_wconf 92' lang='lat' dir='ltr'><strong>quod</strong></span> <span class='ocrx_word' id='word_1_34' title='bbox 507 1149 548 1220; x_wconf 93' lang='lat' dir='ltr'><strong>ab</strong></span> <span class='ocrx_word' id='word_1_35' title='bbox 573 1149 764 1223; x_wconf 88' lang='lat' dir='ltr'><strong>Hoeltzlini</strong></span> <span class='ocrx_word' id='word_1_36' title='bbox 787 1146 940 1222; x_wconf 89' lang='lat' dir='ltr'><strong>editione</strong></span> <span class='ocrx_word' id='word_1_37' title='bbox 962 1149 1005 1224; x_wconf 91' lang='lat' dir='ltr'><strong>ad</strong></span> <span class='ocrx_word' id='word_1_38' title='bbox 1029 1149 1130 1226; x_wconf 46' lang='lat' dir='ltr'><strong>hanc*</strong></span> 
     </span>
     <span class='ocr_line' id='line_1_7' title="bbox 81 1271 1117 1376; baseline 0.008 -32"><span class='ocrx_word' id='word_1_39' title='bbox 81 1335 85 1344; x_wconf 94' lang='lat'>.</span> <span class='ocrx_word' id='word_1_40' title='bbox 112 1271 331 1366; x_wconf 79' lang='lat' dir='ltr'><strong>novisfirn&#39;atn</strong></span> <span class='ocrx_word' id='word_1_41' title='bbox 347 1274 428 1348; x_wconf 87' lang='lat' dir='ltr'><strong>anui</strong></span> <span class='ocrx_word' id='word_1_42' title='bbox 445 1272 649 1376; x_wconf 79' lang='lat' dir='ltr'><strong>effluxerunt</strong></span> <span class='ocrx_word' id='word_1_43' title='bbox 665 1293 803 1350; x_wconf 87' lang='lat' dir='ltr'><strong>centurn</strong></span> <span class='ocrx_word' id='word_1_44' title='bbox 819 1273 856 1348; x_wconf 70' lang='grc' dir='ltr'><strong>ἃ</strong></span> <span class='ocrx_word' id='word_1_45' title='bbox 878 1274 1020 1372; x_wconf 84' lang='lat' dir='ltr'><strong>triginta</strong></span> <span class='ocrx_word' id='word_1_46' title='bbox 1042 1276 1117 1352; x_wconf 82' lang='lat' dir='ltr'><strong>sex:</strong></span> 
     </span>
     <span class='ocr_line' id='line_1_8' title="bbox 109 1397 1120 1500; baseline 0.006 -32"><span class='ocrx_word' id='word_1_47' title='bbox 109 1418 182 1493; x_wconf 93' lang='lat' dir='ltr'><strong>quo</strong></span> <span class='ocrx_word' id='word_1_48' title='bbox 204 1397 315 1496; x_wconf 87' lang='lat' dir='ltr'><strong>spatio</strong></span> <span class='ocrx_word' id='word_1_49' title='bbox 334 1400 500 1495; x_wconf 84' lang='lat' dir='ltr'><strong>temporis</strong></span> <span class='ocrx_word' id='word_1_50' title='bbox 517 1399 615 1474; x_wconf 85' lang='lat' dir='ltr'><strong>multi</strong></span> <span class='ocrx_word' id='word_1_51' title='bbox 631 1399 788 1488; x_wconf 88' lang='lat' dir='ltr'><strong>fuerunt,</strong></span> <span class='ocrx_word' id='word_1_52' title='bbox 812 1400 890 1500; x_wconf 82' lang='lat' dir='ltr'><strong>qui,</strong></span> <span class='ocrx_word' id='word_1_53' title='bbox 913 1402 968 1474; x_wconf 84' lang='lat' dir='ltr'><strong>vel</strong></span> <span class='ocrx_word' id='word_1_54' title='bbox 986 1400 1120 1492; x_wconf 82' lang='lat' dir='ltr'><strong>obitet&#39;,</strong></span> 
     </span>
     <span class='ocr_line' id='line_1_9' title="bbox 110 1521 1118 1620; baseline 0.008 -28"><span class='ocrx_word' id='word_1_55' title='bbox 110 1521 170 1595; x_wconf 82' lang='lat' dir='ltr'><strong>vel</strong></span> <span class='ocrx_word' id='word_1_56' title='bbox 186 1521 265 1596; x_wconf 87' lang='lat' dir='ltr'><strong>data</strong></span> <span class='ocrx_word' id='word_1_57' title='bbox 284 1543 408 1620; x_wconf 80' lang='lat' dir='ltr'><strong>opera,</strong></span> <span class='ocrx_word' id='word_1_58' title='bbox 435 1523 480 1596; x_wconf 86' lang='lat' dir='ltr'><strong>de</strong></span> <span class='ocrx_word' id='word_1_59' title='bbox 501 1525 694 1620; x_wconf 89' lang='lat' dir='ltr'><strong>Apollonio</strong></span> <span class='ocrx_word' id='word_1_60' title='bbox 718 1527 805 1600; x_wconf 89' lang='lat' dir='ltr'><strong>bene</strong></span> <span class='ocrx_word' id='word_1_61' title='bbox 821 1543 1055 1613; x_wconf 86' lang='lat' dir='ltr'><strong>mererentur,</strong></span> <span class='ocrx_word' id='word_1_62' title='bbox 1082 1526 1118 1600; x_wconf 89' lang='lat' dir='ltr'><strong>in</strong></span> 
     </span>
     <span class='ocr_line' id='line_1_10' title="bbox 108 1643 1117 1748; baseline 0.009 -32"><span class='ocrx_word' id='word_1_63' title='bbox 108 1643 233 1740; x_wconf 82' lang='lat' dir='ltr'><strong>primis</strong></span> <span class='ocrx_word' id='word_1_64' title='bbox 258 1649 373 1724; x_wconf 90' lang='lat' dir='ltr'><strong>nostro</strong></span> <span class='ocrx_word' id='word_1_65' title='bbox 395 1651 509 1726; x_wconf 87' lang='lat' dir='ltr'><strong>seculo</strong></span> <span class='ocrx_word' id='word_1_66' title='bbox 531 1670 634 1748; x_wconf 89' lang='lat' dir='ltr'><strong>atque</strong></span> <span class='ocrx_word' id='word_1_67' title='bbox 651 1675 695 1725; x_wconf 85' lang='lat' dir='ltr'><strong>err</strong></span> <span class='ocrx_word' id='word_1_68' title='bbox 717 1647 937 1738; x_wconf 87' lang='lat' dir='ltr'><strong>nostratibus,</strong></span> <span class='ocrx_word' id='word_1_69' title='bbox 954 1647 1117 1732; x_wconf 83' lang='lat' dir='ltr'><strong>Ruhnke-</strong></span> 
     </span>
     <span class='ocr_line' id='line_1_11' title="bbox 108 1769 1115 1872; baseline 0.009 -28"><span class='ocrx_word' id='word_1_70' title='bbox 108 1769 219 1864; x_wconf 79' lang='lat' dir='ltr'><strong>piut,</strong></span> <span class='ocrx_word' id='word_1_71' title='bbox 249 1774 457 1866; x_wconf 59' lang='lat' dir='ltr'><strong>Pietsonusp</strong></span> <span class='ocrx_word' id='word_1_72' title='bbox 491 1777 661 1852; x_wconf 78' lang='lat' dir='ltr'><strong>Arnaldue</strong></span> <span class='ocrx_word' id='word_1_73' title='bbox 677 1831 691 1869; x_wconf 92' lang='lat'><strong><em>,</em></strong></span> <span class='ocrx_word' id='word_1_74' title='bbox 730 1777 856 1872; x_wconf 76' lang='lat' dir='ltr'><strong>aliique</strong></span> <span class='ocrx_word' id='word_1_75' title='bbox 889 1799 959 1850; x_wconf 90' lang='lat' dir='ltr'><strong>non</strong></span> <span class='ocrx_word' id='word_1_76' title='bbox 1002 1776 1115 1872; x_wconf 86' lang='lat' dir='ltr'><strong>pauci.</strong></span> 
     </span>
     <span class='ocr_line' id='line_1_12' title="bbox 108 1899 1206 2000; baseline 0.002 -28"><span class='ocrx_word' id='word_1_77' title='bbox 108 1899 265 2000; x_wconf 80' lang='lat' dir='ltr'><strong>Quorum</strong></span> <span class='ocrx_word' id='word_1_78' title='bbox 286 1899 453 1998; x_wconf 86' lang='lat' dir='ltr'><strong>quidem,</strong></span> <span class='ocrx_word' id='word_1_79' title='bbox 479 1901 516 1976; x_wconf 91' lang='lat' dir='ltr'><strong>in</strong></span> <span class='ocrx_word' id='word_1_80' title='bbox 542 1903 607 1982; x_wconf 89' lang='lat' dir='ltr'><strong>hae</strong></span> <span class='ocrx_word' id='word_1_81' title='bbox 630 1902 818 1978; x_wconf 64' lang='lat' dir='ltr'><strong>oxoniense</strong></span> <span class='ocrx_word' id='word_1_82' title='bbox 838 1901 1013 1991; x_wconf 83' lang='lat' dir='ltr'><strong>editione,</strong></span> <span class='ocrx_word' id='word_1_83' title='bbox 1045 1902 1118 1974; x_wconf 91' lang='lat' dir='ltr'><strong>ani·</strong></span> <span class='ocrx_word' id='word_1_84' title='bbox 1201 1943 1206 1964; x_wconf 69' lang='grc' dir='ltr'>ι</span> 
     </span>
     <span class='ocr_line' id='line_1_13' title="bbox 106 2027 1112 2124; baseline -0.004 -20"><span class='ocrx_word' id='word_1_85' title='bbox 106 2027 359 2118; x_wconf 77' lang='lat' dir='ltr'><strong>madverl&#39;rpnen</strong></span> <span class='ocrx_word' id='word_1_86' title='bbox 376 2027 418 2100; x_wconf 91' lang='lat' dir='ltr'><strong>ad</strong></span> <span class='ocrx_word' id='word_1_87' title='bbox 440 2053 541 2104; x_wconf 89' lang='lat' dir='ltr'><strong>unam</strong></span> <span class='ocrx_word' id='word_1_88' title='bbox 563 2055 682 2106; x_wconf 82' lang='lat' dir='ltr'><strong>omnes</strong></span> <span class='ocrx_word' id='word_1_89' title='bbox 708 2032 784 2104; x_wconf 83' lang='lat' dir='ltr'><strong>sunt</strong></span> <span class='ocrx_word' id='word_1_90' title='bbox 808 2030 958 2105; x_wconf 84' lang='lat' dir='ltr'><strong>omissae.</strong></span> <span class='ocrx_word' id='word_1_91' title='bbox 1001 2029 1112 2124; x_wconf 85' lang='lat' dir='ltr'><strong>Igitur</strong></span> 
     </span>
     <span class='ocr_line' id='line_1_14' title="bbox 104 2149 1108 2252; baseline 0.002 -26"><span class='ocrx_word' id='word_1_92' title='bbox 104 2149 146 2226; x_wconf 79' lang='lat' dir='ltr'><strong>dt</strong></span> <span class='ocrx_word' id='word_1_93' title='bbox 180 2151 385 2252; x_wconf 77' lang='lat' dir='ltr'><strong>Apollonius</strong></span> <span class='ocrx_word' id='word_1_94' title='bbox 415 2153 509 2230; x_wconf 88' lang='lat' dir='ltr'><strong>suunt</strong></span> <span class='ocrx_word' id='word_1_95' title='bbox 547 2156 659 2231; x_wconf 89' lang='lat' dir='ltr'><strong>adhuc</strong></span> <span class='ocrx_word' id='word_1_96' title='bbox 688 2156 862 2252; x_wconf 75' lang='lat' dir='ltr'><strong>exspetiat</strong></span> <span class='ocrx_word' id='word_1_97' title='bbox 904 2153 1108 2244; x_wconf 63' lang='lat' dir='ltr'><strong>vindicernt</strong></span> 
     </span>
     <span class='ocr_line' id='line_1_15' title="bbox 102 2278 1107 2376; baseline 0.008 -30"><span class='ocrx_word' id='word_1_98' title='bbox 102 2295 215 2373; x_wconf 83' lang='lat' dir='ltr'><strong>aquo</strong></span> <span class='ocrx_word' id='word_1_99' title='bbox 244 2278 288 2355; x_wconf 87' lang='lat' dir='ltr'><strong>ad</strong></span> <span class='ocrx_word' id='word_1_100' title='bbox 317 2281 496 2355; x_wconf 90' lang='lat' dir='ltr'><strong>hominum</strong></span> <span class='ocrx_word' id='word_1_101' title='bbox 527 2280 708 2366; x_wconf 70' lang='lat' dir='ltr'><strong>doliorum</strong></span> <span class='ocrx_word' id='word_1_102' title='bbox 733 2279 998 2376; x_wconf 84' lang='lat' dir='ltr'><strong>intelligentiam</strong></span> <span class='ocrx_word' id='word_1_103' title='bbox 1035 2279 1107 2354; x_wconf 89' lang='lat' dir='ltr'><strong>sen·</strong></span> 
     </span>
     <span class='ocr_line' id='line_1_16' title="bbox 103 2399 1108 2502; baseline 0.002 -25"><span class='ocrx_word' id='word_1_104' title='bbox 103 2399 243 2500; x_wconf 66' lang='lat' dir='ltr'><strong>sumque</strong></span> <span class='ocrx_word' id='word_1_105' title='bbox 280 2405 500 2502; x_wconf 84' lang='lat' dir='ltr'><strong>expoliatur,</strong></span> <span class='ocrx_word' id='word_1_106' title='bbox 567 2427 645 2482; x_wconf 88' lang='lat' dir='ltr'><strong>cum</strong></span> <span class='ocrx_word' id='word_1_107' title='bbox 697 2403 900 2498; x_wconf 88' lang='lat' dir='ltr'><strong>scriptorum</strong></span> <span class='ocrx_word' id='word_1_108' title='bbox 946 2407 1108 2479; x_wconf 87' lang='lat' dir='ltr'><strong>librorum</strong></span> 
     </span>
     <span class='ocr_line' id='line_1_17' title="bbox 100 2507 1197 2624; baseline 0 -22"><span class='ocrx_word' id='word_1_109' title='bbox 100 2507 326 2623; x_wconf 67' lang='lat' dir='ltr'><strong>austeritate,</strong></span> <span class='ocrx_word' id='word_1_110' title='bbox 362 2551 435 2606; x_wconf 90' lang='lat' dir='ltr'><strong>turn</strong></span> <span class='ocrx_word' id='word_1_111' title='bbox 463 2530 599 2624; x_wconf 89' lang='lat' dir='ltr'><strong>ingenii</strong></span> <span class='ocrx_word' id='word_1_112' title='bbox 626 2526 870 2624; x_wconf 75' lang='lat' dir='ltr'><strong>dotlrinaeqoe</strong></span> <span class='ocrx_word' id='word_1_113' title='bbox 904 2526 1107 2602; x_wconf 88' lang='lat' dir='ltr'><strong>instrumen·</strong></span> <span class='ocrx_word' id='word_1_114' title='bbox 1194 2609 1197 2615; x_wconf 86' lang='lat'><em>.</em></span> 
     </span>
     <span class='ocr_line' id='line_1_18' title="bbox 84 2637 1104 2754; baseline 0.004 -28"><span class='ocrx_word' id='word_1_115' title='bbox 84 2656 153 2750; x_wconf 78' lang='lat' dir='ltr'><strong>tio.</strong></span> <span class='ocrx_word' id='word_1_116' title='bbox 205 2637 317 2754; x_wconf 82' lang='lat' dir='ltr'><strong>Quod</strong></span> <span class='ocrx_word' id='word_1_117' title='bbox 336 2649 514 2726; x_wconf 87' lang='lat' dir='ltr'><strong>confilium</strong></span> <span class='ocrx_word' id='word_1_118' title='bbox 552 2653 595 2724; x_wconf 93' lang='lat' dir='ltr'><strong>ab</strong></span> <span class='ocrx_word' id='word_1_119' title='bbox 629 2650 771 2748; x_wconf 76' lang='lat' dir='ltr'><strong>Heynio</strong></span> <span class='ocrx_word' id='word_1_120' title='bbox 807 2651 941 2726; x_wconf 88' lang='lat' dir='ltr'><strong>dudum·</strong></span> <span class='ocrx_word' id='word_1_121' title='bbox 966 2657 1104 2747; x_wconf 85' lang='lat' dir='ltr'><strong>quidem</strong></span> 
     </span>
     <span class='ocr_line' id='line_1_19' title="bbox 97 2772 1102 2876; baseline 0.009 -26"><span class='ocrx_word' id='word_1_122' title='bbox 97 2797 239 2876; x_wconf 82' lang='lat' dir='ltr'><strong>captum</strong></span> <span class='ocrx_word' id='word_1_123' title='bbox 268 2772 453 2850; x_wconf 82' lang='lat' dir='ltr'><strong>novinus:</strong></span> <span class='ocrx_word' id='word_1_124' title='bbox 486 2775 689 2872; x_wconf 84' lang='lat' dir='ltr'><strong>propediem</strong></span> <span class='ocrx_word' id='word_1_125' title='bbox 714 2777 819 2852; x_wconf 87' lang='lat' dir='ltr'><strong>etiam</strong></span> <span class='ocrx_word' id='word_1_126' title='bbox 844 2776 1038 2876; x_wconf 74' lang='lat' dir='ltr'><strong>perictioni</strong></span> <span class='ocrx_word' id='word_1_127' title='bbox 1058 2781 1102 2860; x_wconf 92' lang='lat' dir='ltr'><strong>iri</strong></span> 
     </span>
     <span class='ocr_line' id='line_1_20' title="bbox 97 2905 1055 3005; baseline -0.002 -25"><span class='ocrx_word' id='word_1_128' title='bbox 97 2905 280 3004; x_wconf 79' lang='lat' dir='ltr'><strong>sperantur.</strong></span> <span class='ocrx_word' id='word_1_129' title='bbox 622 2992 625 3005; x_wconf 38' lang='grc'><strong>,</strong></span> <span class='ocrx_word' id='word_1_130' title='bbox 1052 2991 1055 2998; x_wconf 39' lang='grc'><em>,</em></span> 
     </span>
     <span class='ocr_line' id='line_1_21' title="bbox 143 3026 1099 3130; baseline -0.002 -22"><span class='ocrx_word' id='word_1_131' title='bbox 143 3033 240 3108; x_wconf 88' lang='lat' dir='ltr'>XXI.</span> <span class='ocrx_word' id='word_1_132' title='bbox 267 3033 362 3104; x_wconf 87' lang='lat' dir='ltr'><strong>Inter</strong></span> <span class='ocrx_word' id='word_1_133' title='bbox 393 3026 553 3124; x_wconf 83' lang='lat' dir='ltr'><strong>regiones</strong></span> <span class='ocrx_word' id='word_1_134' title='bbox 581 3053 665 3122; x_wconf 81' lang='lat' dir='ltr'><strong>ear,</strong></span> <span class='ocrx_word' id='word_1_135' title='bbox 699 3057 839 3130; x_wconf 86' lang='lat' dir='ltr'><strong>quarum</strong></span> <span class='ocrx_word' id='word_1_136' title='bbox 866 3033 938 3108; x_wconf 90' lang='lat' dir='ltr'><strong>finu</strong></span> <span class='ocrx_word' id='word_1_137' title='bbox 961 3032 1099 3130; x_wconf 85' lang='lat' dir='ltr'><strong>soloque</strong></span> 
     </span>
     <span class='ocr_line' id='line_1_22' title="bbox 93 3155 1099 3259; baseline 0.002 -25"><span class='ocrx_word' id='word_1_138' title='bbox 93 3161 234 3234; x_wconf 85' lang='lat' dir='ltr'><strong>obrutae</strong></span> <span class='ocrx_word' id='word_1_139' title='bbox 248 3158 376 3230; x_wconf 85' lang='lat' dir='ltr'><strong>lateant</strong></span> <span class='ocrx_word' id='word_1_140' title='bbox 400 3155 514 3250; x_wconf 84' lang='lat' dir='ltr'><strong>operis</strong></span> <span class='ocrx_word' id='word_1_141' title='bbox 531 3157 683 3231; x_wconf 87' lang='lat' dir='ltr'><strong>Romani</strong></span> <span class='ocrx_word' id='word_1_142' title='bbox 701 3160 883 3257; x_wconf 88' lang='lat' dir='ltr'><strong>reliquiae,</strong></span> <span class='ocrx_word' id='word_1_143' title='bbox 898 3161 986 3236; x_wconf 89' lang='lat' dir='ltr'><strong>haud</strong></span> <span class='ocrx_word' id='word_1_144' title='bbox 1005 3181 1099 3259; x_wconf 77' lang='lat' dir='ltr'><strong>port·</strong></span> 
     </span>
     <span class='ocr_line' id='line_1_23' title="bbox 91 3278 1100 3381; baseline 0.005 -23"><span class='ocrx_word' id='word_1_145' title='bbox 91 3309 220 3360; x_wconf 86' lang='lat' dir='ltr'><strong>remam</strong></span> <span class='ocrx_word' id='word_1_146' title='bbox 243 3283 314 3356; x_wconf 84' lang='lat' dir='ltr'><strong>esse</strong></span> <span class='ocrx_word' id='word_1_147' title='bbox 344 3278 563 3369; x_wconf 78' lang='lat' dir='ltr'><strong>Helvetium,</strong></span> <span class='ocrx_word' id='word_1_148' title='bbox 592 3303 671 3356; x_wconf 87' lang='lat' dir='ltr'><strong>curn</strong></span> <span class='ocrx_word' id='word_1_149' title='bbox 689 3283 895 3381; x_wconf 87' lang='lat' dir='ltr'><strong>intelligitur</strong></span> <span class='ocrx_word' id='word_1_150' title='bbox 912 3307 956 3360; x_wconf 85' lang='lat' dir='ltr'><strong>ert</strong></span> <span class='ocrx_word' id='word_1_151' title='bbox 972 3287 1100 3362; x_wconf 75' lang='lat' dir='ltr'><strong>Roma·</strong></span> 
     </span>
     <span class='ocr_line' id='line_1_24' title="bbox 90 3405 1095 3508; baseline 0.002 -22"><span class='ocrx_word' id='word_1_152' title='bbox 90 3433 211 3486; x_wconf 88' lang='lat' dir='ltr'><strong>norum</strong></span> <span class='ocrx_word' id='word_1_153' title='bbox 234 3407 363 3482; x_wconf 88' lang='lat' dir='ltr'><strong>civium</strong></span> <span class='ocrx_word' id='word_1_154' title='bbox 393 3405 430 3480; x_wconf 91' lang='lat' dir='ltr'><strong>in</strong></span> <span class='ocrx_word' id='word_1_155' title='bbox 455 3406 512 3488; x_wconf 81' lang='lat' dir='ltr'><strong>illa</strong></span> <span class='ocrx_word' id='word_1_156' title='bbox 542 3425 634 3480; x_wconf 82' lang='lat' dir='ltr'><strong>terra</strong></span> <span class='ocrx_word' id='word_1_157' title='bbox 655 3407 739 3484; x_wconf 85' lang='lat' dir='ltr'><strong>olim</strong></span> <span class='ocrx_word' id='word_1_158' title='bbox 766 3409 986 3508; x_wconf 85' lang='lat' dir='ltr'><strong>frequentia,</strong></span> <span class='ocrx_word' id='word_1_159' title='bbox 1020 3431 1095 3488; x_wconf 91' lang='lat' dir='ltr'><strong>tunt</strong></span> 
     </span>
     <span class='ocr_line' id='line_1_25' title="bbox 90 3531 1093 3634; baseline 0.003 -25"><span class='ocrx_word' id='word_1_160' title='bbox 90 3531 309 3632; x_wconf 86' lang='lat' dir='ltr'><strong>cognoscitur</strong></span> <span class='ocrx_word' id='word_1_161' title='bbox 328 3553 371 3606; x_wconf 84' lang='lat' dir='ltr'><strong>ex</strong></span> <span class='ocrx_word' id='word_1_162' title='bbox 385 3531 531 3624; x_wconf 81' lang='lat' dir='ltr'><strong>rauseis,</strong></span> <span class='ocrx_word' id='word_1_163' title='bbox 557 3531 614 3606; x_wconf 88' lang='lat' dir='ltr'><strong>seu</strong></span> <span class='ocrx_word' id='word_1_164' title='bbox 632 3534 718 3608; x_wconf 83' lang='lat' dir='ltr'><strong>locis</strong></span> <span class='ocrx_word' id='word_1_165' title='bbox 740 3535 807 3610; x_wconf 79' lang='lat' dir='ltr'><strong>illis</strong></span> <span class='ocrx_word' id='word_1_166' title='bbox 819 3590 834 3627; x_wconf 92' lang='lat'>,</span> <span class='ocrx_word' id='word_1_167' title='bbox 857 3537 977 3634; x_wconf 81' lang='lat' dir='ltr'><strong>quibus</strong></span> <span class='ocrx_word' id='word_1_168' title='bbox 998 3557 1093 3612; x_wconf 84' lang='lat' dir='ltr'><strong>rete·</strong></span> 
     </span>
     <span class='ocr_line' id='line_1_26' title="bbox 87 3656 1091 3760; baseline -0.001 -24"><span class='ocrx_word' id='word_1_169' title='bbox 87 3662 135 3736; x_wconf 82' lang='lat' dir='ltr'><strong>ris</strong></span> <span class='ocrx_word' id='word_1_170' title='bbox 168 3659 330 3760; x_wconf 83' lang='lat' dir='ltr'><strong>reliquiae</strong></span> <span class='ocrx_word' id='word_1_171' title='bbox 365 3659 447 3734; x_wconf 76' lang='lat' dir='ltr'><strong>artis</strong></span> <span class='ocrx_word' id='word_1_172' title='bbox 475 3656 612 3756; x_wconf 89' lang='lat' dir='ltr'><strong>publice</strong></span> <span class='ocrx_word' id='word_1_173' title='bbox 647 3657 831 3740; x_wconf 90' lang='lat' dir='ltr'><strong>servantur.</strong></span> <span class='ocrx_word' id='word_1_174' title='bbox 893 3665 980 3738; x_wconf 87' lang='lat' dir='ltr'><strong>Sunt</strong></span> <span class='ocrx_word' id='word_1_175' title='bbox 1005 3685 1091 3738; x_wconf 86' lang='lat' dir='ltr'><strong>vero</strong></span> 
     </span>
     <span class='ocr_line' id='line_1_27' title="bbox 87 3783 1092 3886; baseline -0.001 -26"><span class='ocrx_word' id='word_1_176' title='bbox 87 3785 190 3862; x_wconf 85' lang='lat' dir='ltr'><strong>etiam</strong></span> <span class='ocrx_word' id='word_1_177' title='bbox 212 3785 354 3864; x_wconf 85' lang='lat' dir='ltr'><strong>subinde</strong></span> <span class='ocrx_word' id='word_1_178' title='bbox 378 3783 507 3884; x_wconf 88' lang='lat' dir='ltr'><strong>privati</strong></span> <span class='ocrx_word' id='word_1_179' title='bbox 537 3784 694 3860; x_wconf 85' lang='lat' dir='ltr'><strong>hominen</strong></span> <span class='ocrx_word' id='word_1_180' title='bbox 711 3787 806 3886; x_wconf 82' lang='lat' dir='ltr'><strong>‚qui</strong></span> <span class='ocrx_word' id='word_1_181' title='bbox 831 3789 974 3886; x_wconf 88' lang='lat' dir='ltr'><strong>egregio</strong></span> <span class='ocrx_word' id='word_1_182' title='bbox 1002 3789 1092 3864; x_wconf 88' lang='lat' dir='ltr'><strong>auti·</strong></span> 
     </span>
    </p>
   </div>
   <div class='ocr_carea' id='block_1_3' title="bbox 85 3911 1219 4014">
    <p class='ocr_par' dir='ltr' id='par_1_3' title="bbox 85 3911 1219 4014">
     <span class='ocr_line' id='line_1_28' title="bbox 85 3911 1219 4014; baseline -0.003 -20"><span class='ocrx_word' id='word_1_183' title='bbox 85 3911 224 4012; x_wconf 67' lang='lat' dir='ltr'><strong>quitatis</strong></span> <span class='ocrx_word' id='word_1_184' title='bbox 242 3913 355 3994; x_wconf 84' lang='lat' dir='ltr'><strong>studio</strong></span> <span class='ocrx_word' id='word_1_185' title='bbox 372 3913 513 3998; x_wconf 80' lang='lat' dir='ltr'><strong>multam</strong></span> <span class='ocrx_word' id='word_1_186' title='bbox 528 3932 659 4010; x_wconf 88' lang='lat' dir='ltr'><strong>ponant</strong></span> <span class='ocrx_word' id='word_1_187' title='bbox 682 3937 822 4014; x_wconf 87' lang='lat' dir='ltr'><strong>operam</strong></span> <span class='ocrx_word' id='word_1_188' title='bbox 836 3916 872 3994; x_wconf 90' lang='lat' dir='ltr'><strong>in</strong></span> <span class='ocrx_word' id='word_1_189' title='bbox 893 3912 1095 4004; x_wconf 81' lang='lat' dir='ltr'><strong>veteribur‚·</strong></span> <span class='ocrx_word' id='word_1_190' title='bbox 1217 3987 1219 3991; x_wconf 83' lang='lat'><em>.</em></span> 
     </span>
    </p>
   </div>
   <div class='ocr_carea' id='block_1_4' title="bbox 87 4046 1090 4140">
    <p class='ocr_par' dir='ltr' id='par_1_4' title="bbox 87 4046 1090 4140">
     <span class='ocr_line' id='line_1_29' title="bbox 87 4046 1090 4140; baseline -0.009 -18"><span class='ocrx_word' id='word_1_191' title='bbox 87 4097 97 4140; x_wconf 49' lang='lat' dir='ltr'><strong>q</strong></span> <span class='ocrx_word' id='word_1_192' title='bbox 169 4055 185 4125; x_wconf 72' lang='lat'><strong>¹.</strong></span> <span class='ocrx_word' id='word_1_193' title='bbox 562 4046 602 4121; x_wconf 91' lang='lat' dir='ltr'><strong>H</strong></span> <span class='ocrx_word' id='word_1_194' title='bbox 627 4065 648 4140; x_wconf 82' lang='lat'><strong>3</strong></span> <span class='ocrx_word' id='word_1_195' title='bbox 992 4059 1090 4114; x_wconf 86' lang='lat' dir='ltr'><strong>nunt-</strong></span> 
     </span>
    </p>
   </div>
   <div class='ocr_carea' id='block_1_5' title="bbox 0 0 1486 5252">
    <p class='ocr_par' dir='ltr' id='par_1_5' title="bbox 0 0 1486 5252">
     <span class='ocr_line' id='line_1_30' title="bbox 0 0 1486 5252; baseline 0 11"><span class='ocrx_word' id='word_1_196' title='bbox 0 0 1486 5252; x_wconf 95' lang='lat' dir='ltr'><strong> </strong></span> 
     </span>
    </p>
   </div>
  </div>
 </body>
</html>
