2970 5258
90 496 350 594 qxnnrr.
379 499 996 602 J.-n.urrNEsT1.”ch.ru.
1026 535 1072 608 13

67 693 253 772 trocinium
275 684 411 784 suscipit
431 682 579 789 Quintus
601 685 734 782 srater,
752 681 895 787 eamque
912 713 956 766 ex
981 691 1071 768 Stoi·

73 847 191 900 corum
217 817 383 912 sententis
406 815 570 892 acerrime
593 813 751 890 defendit
778 839 820 892 ac
853 835 987 895 tuetur:
1022 820 1073 896 se·

75 953 186 1029 cundo
206 963 325 1023 contra
348 942 421 1042 ipse
440 941 565 1018 Cicero
578 967 655 1022 earn
673 931 867 1020 certissimis
886 947 1078 1026 rationibus

76 1073 210 1151 euertit.
254 1072 372 1168 Atque
393 1071 490 1168 hujus
513 1070 750 1166 disputationis
777 1095 903 1170 operae
924 1077 1080 1172 pretium
1145 1087 1151 1096 “

76 1220 127 1278 est
147 1195 405 1275 conclusionem
421 1219 657 1296 cognoscere,
691 1216 730 1272 ut
753 1197 985 1298 intelligatur,
1022 1203 1081 1280 ci·

76 1353 237 1410 ceronenr
249 1327 296 1402 -iu
312 1327 457 1403 aliorum
481 1324 671 1401 refumndis
682 1321 902 1424 opinionibus
925 1325 961 1398 id
976 1350 1081 1402 unum

75 1455 211 1555 egisse,
231 1471 281 1532 ¹'ut
306 1477 350 1532 ex
377 1451 557 1530 hominum
584 1450 756 1528 mentibus
786 1465 938 1531 errorem
961 1477 1003 1527 ac
1028 1455 1082 1530 su·

73 1581 313 1682 perstitiunem
333 1579 486 1678 ejiceret
535 1633 560 1669 ‚,
573 1579 947 1678 Explodatur”··inquit
961 1581 1083 1671 „haec

75 1731 214 1806 quoque
247 1705 455 1785 somniorum
483 1703 653 1784 divinatio
683 1705 813 1802 pariter
843 1731 923 1782 cum
952 1709 1087 1788 ceteris.

76 1833 196 1924 Nam,
223 1850 260 1906 ut
281 1855 367 1908 vere
387 1833 584 1931 loquamur,
608 1829 804 1930 superstitio
826 1829 899 1906 susa
922 1858 984 1933 per
1001 1861 1086 1936 gen·

78 1980 155 2052 tes,
191 1961 356 2060 oppressit
388 1956 543 2034 omniurn
565 1957 642 2034 sere
661 1960 819 2050 animos,
842 1961 945 2057 atque
974 1962 1089 2038 homi·

77 2111 164 2166 num
185 2087 460 2164 imbecillitatem
485 2086 682 2184 occupavit.
734 2087 837 2185 Quod
864 2083 904 2159 dt
924 2086 959 2158 in
984 2085 1027 2160 iis
1048 2085 1089 2158 li·

77 2217 154 2294 -bris
182 2191 311 2290 dissum
335 2231 414 2304 est,
444 2211 600 2312 quisunt
625 2208 669 2285 de
694 2203 812 2285 natura
835 2211 1011 2288 Deorum:
1051 2209 1092 2294 dc
1152 2207 1154 2212 ’

73 2341 147 2416 hac
186 2339 417 2439 disputatione
457 2337 493 2413 id
535 2336 684 2413 maxime
727 2336 871 2434 egimus.
934 2337 1090 2423 Multurn
1177 2431 1181 2452 Ι

77 2469 179 2544 enim
204 2467 241 2544 dt
264 2471 364 2546 nobis
392 2465 473 2565 ipsu
488 2509 512 2558 ,·
533 2464 720 2562 &nostris
752 2457 923 2552 profuturi
949 2457 1091 2534 videlia-

77 2621 183 2688 mur,
217 2595 243 2672 li
274 2585 351 2670 earn
381 2593 538 2670 funditur
570 2582 818 2662 sustulissemus.
874 2583 961 2660 Nec
984 2609 1090 2678 vero,

74 2728 121 2802 id
146 2724 240 2799 enirn
263 2719 448 2810 diligenter
470 2713 627 2810 ‚intelligi
649 2714 747 2803 rulo,
763 2707 1005 2807 superstitione
1029 2715 1096 2790 tol·

80 2848 187 2928 leuda
217 2839 343 2938 religio
374 2835 516 2914 tollitur.
569 2839 664 2914 Nam
679 2817 726 2914 ¹<it
748 2835 915 2934 majorum
938 2835 1094 2914 instituta
1161 2839 1166 2850 '

85 2970 204 3062 tueri,
228 2967 329 3042 sacris
353 2963 639 3062 caerimoniisque
664 2963 818 3056 tuendis,
835 2964 996 3064 sapientis
1017 2985 1089 3047 est:

81 3097 124 3174 dc
146 3095 219 3172 esse
242 3089 467 3189 praestantem
488 3089 635 3189 aliquam
655 3107 896 3190 aeternamque
921 3110 1094 3186 naturam,
1203 3119 1208 3124 ·

80 3223 124 3300 dt
142 3245 219 3296 earn
242 3217 490 3317 suspiciendum
512 3216 814 3314 admirandamque
830 3217 1011 3294 hominurn
1031 3243 1095 3318 ge·
1122 3204 1125 3215 ’

79 3347 186 3440 meri,
210 3346 431 3444 pulchritudo
445 3343 564 3420 mundi
589 3343 740 3442 ordoque
765 3367 876 3420 rerum
897 3345 1095 3423 coelestium

84 3471 190 3570 cogit
215 3471 397 3549 confiteri:
441 3472 673 3578 Quamobrem
698 3491 735 3548 ut
757 3471 881 3570 religio
904 3497 1096 3572 propagans

83 3597 134 3674 da
155 3599 259 3674 etium
284 3619 364 3692 est,
396 3615 554 3706 quaeest
583 3599 765 3694 conjuudia
789 3623 866 3676 curn
894 3599 1098 3696 cognitione

86 3746 254 3804 maturae:
279 3726 326 3802 lic
349 3723 595 3824 superstitionis
613 3720 733 3822 stirpes
748 3727 1096 3824 ,omnesejiciendan

84 3847 197 3928 Instat
218 3853 310 3928 enim
332 3851 370 3928 dt
401 3869 525 3952 urget,
556 3849 595 3926 dt
622 3875 691 3950 quo
719 3869 755 3925 te
783 3875 927 3950 cumque
951 3855 1095 3930 verteris

84 3977 323 4081 persequitu13
346 3955 417 4054 live
443 3996 480 4054 tu
501 3997 635 4070 vatem,
660 3977 730 4052 srve
747 3996 784 4052 tu
808 3999 910 4051 omen
928 3981 1073 4055 audieris
1080 4007 1093 4071 ς
1171 4039 1178 4044 .

81 4109 169 4194 five
196 4107 407 4226 immolaris,
455 4105 528 4196 lire
555 4128 667 4226 arern.
687 4103 905 4208 adspexeris3
939 4083 970 4182 si
995 4107 1097 4194 Chai·

954 4230 1093 4334 dueum,
1259 4307 1264 4318 ,
