2938 5246
286 521 401 610 ,32
473 455 1278 604 c.vanrJusrnTrneunuo
1363 565 1371 576 .

355 685 535 777 Heinsius,
560 701 607 758 ut·
626 679 692 756 fuit
714 680 782 756 stne
802 681 907 757 dubio
930 681 1106 776 omniurn,
1138 689 1198 783 qui
1224 689 1310 766 sunt
1341 691 1381 772 ἃ

355 811 516 900 fuerunt,
542 805 746 882 felicissimus
763 803 797 880 in
821 803 999 880 traundis
1013 807 1143 886 Latinis
1160 817 1301 911 poetis,
1324 821 1378 900 ita

353 939 439 1014 haec
457 957 534 1010 eum
550 931 691 1006 felicitas
713 932 747 1005 in
763 919 878 1028 prosae
895 931 1053 1008 orationis
1062 937 1293 1035 Scriptoribus
1310 947 1375 1020 do·

352 1062 480 1154 stituit,
505 1061 624 1160 quibus
648 1057 780 1155 quidem
808 1057 928 1132 multas
950 1057 1100 1134 obtrufit‘
1126 1062 1250 1141 formas
1272 1071 1373 1148 locu·

352 1187 531 1284 tionesque
553 1175 714 1277 poeticas.
763 1183 913 1280 Longius
935 1185 1036 1259 etiam
1053 1209 1072 1259 a
1091 1189 1198 1290 Lipsri
1212 1195 1363 1274 laudibus

355 1313 453 1387 abest
474 1306 544 1408 ipse
580 1311 814 1412 Bumrannus3
846 1307 970 1406 quippe
997 1311 1031 1386 in
1062 1313 1199 1414 Vellejo
1225 1345 1366 1422 propter

355 1433 621 1532 corruptelarum
644 1433 892 1532 multitudinem
923 1456 976 1507 res
1005 1437 1113 1515 omnis
1144 1443 1186 1518 ad
1212 1447 1366 1523 criticum

358 1558 488 1636 redibat
516 1579 684 1647 acumen,
715 1583 784 1654 quo
810 1581 888 1636 eum
912 1563 1023 1636 minus
1039 1564 1163 1660 Liplio‚
1194 1571 1365 1667 Heleno,

350 1685 495 1782 ‘aliisque
517 1681 656 1758 valuisse
673 1683 818 1758 constat:
844 1707 978 1786 neque,
1002 1713 1197 1788 quamquam
1212 1695 1365 1796 hocjau-

350 1829 434 1902 tat,
468 1810 652 1908 principem
679 1811 929 1886 Rhenanianam
964 1817 1125 1914 expressit
1161 1822 1364 1902 editionem:

350 1931 551 2012 nalleemes
575 1935 850 2034 interpolationes
882 1939 917 2012 in
948 1957 1082 2016 tentum
1105 1948 1252 2044 recepit,
1283 1949 1361 2025 littie

192 2059 194 2064 '
352 2061 478 2136 habens
502 2062 682 2139 leelionem
709 2063 960 2140 Rhenanianam
986 2065 1021 2142 in
1045 2067 1134 2144 notis
1158 2055 1360 2169 fignificasse.

347 2185 516 2260 Dicemus
544 2191 617 2284 jam¹
648 2192 692 2264 de
721 2189 886 2286 praesenti
915 2188 1091 2286 editione,
1126 2198 1223 2294 cujus
1254 2199 1362 2295 priore

346 2306 751 2408 ‘'volumine-continetur
771 2311 840 2409 ipse
856 2315 979 2414 Velleji
1004 2341 1206 2414 contextus,
1234 2321 1359 2422 subjee.

349 2435 405 2506 tis'
421 2430 558 2505 colibet
581 2434 722 2533 paginae
748 2437 924 2531 thenani,
944 2445 1082 2536 Burerii,
1099 2446 1139 2522 dc
1158 2450 1359 2526 Rubnlrenii

348 2537 712 2652 ddimadversronlbus,
744 2563 930 2656 posteriore
955 2591 1068 2657 omnes
1084 2569 1215 2644 aliorum
1238 2573 1351 2650 edito·

347 2666 428 2758 r‘ur'n
462 2675 566 2759 notae
598 2697 700 2783 utque
740 2679 989 2766 observationes
1021 2689 1356 2789 comprehenduntur.

350 2807 406 2888 'Et
432 2796 578 2910 primum
601 2799 738 2906 quidem
758 2805 827 2888 hoe
856 2815 927 2914 egit
940 2791 1192 2911 'Ruhnkenium
1215 2839 1257 2895 ut
1274 2823 1356 2900 Vel·

349 2935 409 3032 le'ji
431 2953 566 3012 textum
589 2934 694 3008 talem
709 2936 884 3012 exhiberet
894 2997 914 3032 ,.
930 2944 1033 3040 qualis
1048 2943 1084 3018 in
1099 2945 1251 3044 prinoipe
1265 2949 1357 3024 nne·

349 3059 492 3136 meniana
508 3060 671 3136 'editione'
688 3059 892 3158 prodiisset,
929 3089 973 3142 ne
992 3067 1159 3144 editorum
1178 3071 1352 3148 moenio

349 3194 415 3262 'nes
445 3195 508 3286 p'ro
538 3187 662 3282 Velleji
689 3203 789 3261 manu
822 3185 1102 3292 uenditarentur3
1133 3225 1231 3302 quare
1261 3202 1359 3300 ipius

351 3293 510 3390 Rhenum
530 3308 722 3409 Bureriique
745 3305 848 3390 notae
869 3317 1045 3419 contextui
1068 3325 1228 3423 subjicere
1249 3329 1358 3407 visum

351 3453 406 3512 est
420 3458 439 3530 ‚¹
461 3437 587 3537 quippe
612 3462 702 3536 quae-
725 3441 1025 3522 veterisleelionis
1047 3450 1208 3530 indicium
1238 3457 1361 3535 habent

351 3559 665 3641 &economum-
715 3567 842 3667 Neque
864 3590 956 3646 vero·
970 3571 1017 3646 ira
1037 3575 1078 3650 'se
1102 3579 1138 3654 in
1161 3579 1360 3659 servitutem

346 3684 478 3761 addixit
507 3687 637 3786 priamo
656 3691 818 3786 edlrlom,
846 3712 885 3768 ut
918 3696 1048 3797 liquidis
1076 3703 1360 3808 indubitatisque,

344 3811 409 3920 ¹vel
429 3811 497 3887 liris
511 3869 522 3905 ,
535 3817 602 3888 -vel
615 3817 768 3891 'aliorum'
786 3821 1048 3903 comediionibus
1069 3831 1181 3906 lucum
1203 3835 1249 3910 in·
1257 3855 1360 3913 textu

271 3946 273 3957 ·
344 3915 648 4034 'negaretz‘notata
672 3931 783 4020 tamen
804 3945 983 4046 diligenter
1001 3953 1052 4028 in·
1067 3957 1362 4042 animadverfioni·

192 4030 198 4062 '
354 4059 415 4136 bus
441 4051 1060 4182 antiqua'leffione.''·³Porr0.rdquua
1089 4107 1223 4184 opem,
1257 4093 1361 4186 qm
