2904 5248
355 537 410 636 μ
533 517 933 614 tcntuuts
983 515 1234 602 rnatu

341 695 516 798 iudicitur
542 693 778 793 Thersander,
796 667 947 777 ut'reutn
962 699 1059 797 ,qui
1082 695 1118 774 st
1140 697 1215 796 ipse
1243 697 1368 774 utute

347 836 555 927 accusasset,
573 857 617 908 eu
633 834 729 929 lege,
740 827 936 903 damnatum
950 825 1091 927 capitii,
1106 843 1221 904 morte
1235 819 1362 902 unita-

220 973 222 978 ’
285 1030 297 1057 ,
344 967 434 1046 r'ent.
487 947 741 1036 Condemnatur
763 945 974 1056 Clitophon,
998 947 1039 1031 δι’
1050 1007 1063 1046 ,
1084 947 1266 1052 antequam
1280 951 1365 1029 uiti·

348 1115 409 1170 mo
433 1087 602 1186 supplicio
624 1083 794 1177 afficitur,
808 1101 994 1158 ‘tonnenta
1016 1075 1294 1172 eiudhibentut,
1314 1099 1358 1156 ut

255 1197 268 1218 ’
350 1223 550 1317 quaeratur,
576 1231 619 1284 an
646 1206 939 1308 Melittequoque
959 1205 1073 1284 caedit
1089 1197 1225 1282 conscia
1239 1205 1360 1288 suerit.

352 1345 430 1442 Jam
451 1334 623 1414 denudato
642 1331 707 1408 stat
734 1357 902 1434 corpore,
928 1351 1003 1412 rota
1018 1325 1152 1435 figuris,
1176 1327 1285 1432 flagra
1301 1335 1361 1412 ad·
1441 1353 1442 1392 ¹

350 1466 538 1553 feruntur3
573 1483 655 1544 curn
674 1459 816 1556 subito,
835 1477 961 1555 acce,
987 1455 1129 1550 advenit
1148 1449 1292 1534 [manae
1309 1457 1364 1534 sa·

266 1652 269 1697 ἶ
352 1591 493 1680 cerdon,
508 1589 547 1666 dt
570 1587 730 1666 inhibere
749 1589 849 1688 juber
866 1585 1107 1688 quaestionem.
1157 1587 1240 1662 Erat
1265 1583 1364 1660 eninr

352 1718 410 1794 illa
451 1715 677 1816 Ephesiorum
722 1713 797 1807 seu,
830 1729 887 1804 ut,
916 1707 996 1788 cuth
1035 1711 1371 1812 pompamque·
1441 1787 1442 1792 a

350 1840 480 1922 tuissent
513 1841 717 1944 peregrini,
742 1841 912 1920 continuo
936 1837 1107 1938 justitium
1140 1835 1374 1916 indiceretur.

351 1965 399 2044 Et
425 1961 517 2042 nune
539 1969 678 2067 quidem
703 1965 889 2065 Byzantii,
925 1967 1053 2044 oraculi
1072 1966 1193 2064 jutsu,
1217 1981 1375 2062 propter

334 2091 534 2183 ,vidioriam
564 2092 609 2161 de
633 2091 850 2176 Thracibus,
878 2095 970 2176 dona
1020 2093 1157 2164 Dianae
1196 2091 1378 2188 Ephesiae

351 2213 532 2302 miserant,
559 2233 746 2307 eorumque
777 2211 906 2308 legatio
931 2213 1038 2288 modo
1070 2219 1190 2292 urbem
1214 2217 1379 2298 intrave-

351 2359 416 2416 rat.
468 2331 549 2435 EJ'ur
567 2333 661 2410 sorte
677 2337 838 2436 princepe
854 2355 928 2411 erar
944 2335 1017 2433 ipse
1033 2339 1222 2433 Sostratus,
1248 2340 1308 2439 qui
1322 2339 1378 2416 ad

351 2467 470 2544 sorum
484 2463 628 2552 veniens
654 2485 734 2540 cum
750 2463 950 2556 sacerdote,
974 2481 1011 2538 ut
1026 2467 1135 2542 audiit
1155 2468 1201 2542 de
1215 2465 1380 2565 Leucip-

263 2650 265 2658 .
351 2612 416 2693 pet
437 2589 542 2666 caede
556 2589 690 2686 quaeri,
717 2591 930 2690 agnovitque
943 2578 1227 2690 Clitophotitern,
1251 2591 1381 2670 statim

352 2721 406 2798 ita
429 2717 568 2809 exarsit,
594 2709 714 2816 nequel
729 2711 913 2816 quidquam
934 2717 1078 2814 propius
1097 2719 1239 2812 habuit,
1263 2745 1384 2820 quam

353 2861 396 2926 u't
422 2850 554 2922 ineunt
569 2844 723 2922 involans
736 2843 813 2938 ipse
828 2843 874 2916 ab
888 2837 935 2914 'eo
949 2841 993 2916 de
1013 2838 1106 2914 filiae
1119 2841 1226 2918 caede
1237 2867 1383 2940 poemr

353 2974 514 3049 sumeret.
541 2959 798 3045 Retinetu'tvix'
813 2965 952 3042 tandem
968 2987 987 3040 a
1004 2961 1134 3056 Clinia,
1160 2963 1200 3043 dt
1216 2969 1303 3066 quid
1319 2995 1379 3046 res

297 3091 300 3096 ’
357 3098 400 3173 fit
411 3097 526 3172 audit.¹
537 3097 672 3182 Interea
681 3089 862 3186 Leucippe
879 3113 899 3164 e
915 3077 1067 3166 custodia
1082 3089 1119 3164 in
1127 3089 1264 3170 Dianae
1280 3113 1379 3172 rem.

355 3220 453 3321 plum
475 3220 646 3307 euaserat3
671 3237 749 3292 natu
768 3214 977 3308 Sosthener,
1003 3237 1104 3318 captu
1129 3218 1242 3298 subito
1255 3217 1344 3318 fuga
1352 3275 1372 3310 ,

356 3347 451 3425 fores
470 3341 643 3416 custodiae
658 3341 817 3420 claudere
829 3344 957 3420 oblitus
972 3363 1057 3420 erat.
1107 3347 1299 3446 Itaqneres
1312 3345 1384 3422 de·

356 3495 428 3552 uuo
450 3471 487 3546 in
499 3471 669 3568 judicium
681 3469 884 3564 adducitur,
908 3471 1045 3550 auuore
1060 3469 1098 3546 in
1111 3473 1234 3569 primia
1247 3473 1384 3559 desen.

256 3689 260 3700 Ι
352 3599 497 3696 foreque
521 3619 657 3674 reorum
677 3599 859 3690 'shcerdote
883 3625 893 3675 :
919 3597 1033 3677 caussa
1054 3621 1182 3699 magno
1204 3621 1386 3700 apparatu

328 3727 401 3802 -ab
445 3723 637 3800 accusatore
666 3721 704 3798 ut
739 3722 807 3800 reia
829 3721 1004 3800 instruitur
1029 3749 1038 3804 r
1065 3729 1203 3828 patruni
1228 3749 1386 3806 omnem

356 3845 531 3948 utrimque
547 3847 760 3948 eloquentiae
777 3847 850 3926 vim
866 3871 1108 3950 expromuntt‘-
1133 3849 1302 3932 Aestuare
1320 3855 1385 3931 in·

359 3967 563 4077 dignarique
586 3977 835 4074 Thersander,
861 3977 953 4078 quud
970 3979 1163 4080 'eriperettu
1176 3977 1255 4062 ubi
1289 4001 1383 4056 con·

369 4119 376 4162 -·
550 4157 554 4164 -
1281 4110 1391 4208 teo
