2904 5248
386 523 467 610 :5124
639 489 1216 582 Dl'ss.ERTAT10

315 663 316 671 ‘
377 686 553 776 funusne,
570 681 737 758 tredecim
752 684 882 762 constas
896 666 1120 767 chonanus,
1144 673 1271 752 unu
1286 677 1398 756 austu

378 815 495 896 Babrii
519 817 725 910 ensesque
759 781 857 887 unica
882 869 892 900 ‚
918 833 1005 908 quae
1029 828 1072 880 ex
1104 803 1146 876 iis
1170 802 1214 877 ad
1240 825 1305 876 nos
1338 806 1395 883 in.

376 961 476 1042 tegra
499 936 707 1038 pervenerit.
759 938 957 1014 Maximum
989 933 1094 1008 etiam
1131 931 1320 1007 Planudenr
1348 960 1394 1014 ex

377 1067 549 1144 Rubriano
577 1087 681 1166 opere
705 1059 826 1140 multas
851 1064 979 1159 fabulas
1011 1061 1048 1137 in
1066 1063 1286 1136 conrr'nunem
1309 1064 1393 1160 ejus

376 1193 500 1270 aetatis
513 1192 692 1269 dialelitun
706 1193 931 1281 transtulisse,
949 1186 1094 1261 mininie
1106 1179 1275 1258 abhorret
1289 1209 1310 1259 a
1325 1212 1386 1262 ve·

273 1319 276 1326 ’
375 1321 653 1410 risnnilitudtne‚
686 1319 710 1394 st
735 1317 885 1394 hominis
910 1315 1089 1416 ingenium
1112 1331 1152 1386 ac
1173 1307 1290 1387 studia
1312 1313 1384 1412 spe.

372 1449 513 1522 stemus.
565 1446 781 1546 Quamquam
822 1466 890 1518 uno
932 1441 1002 1516 hoc
1040 1459 1273 1536 argumento,
1299 1446 1381 1540 quod

371 1565 502 1672 'Aesopi
526 1573 599 1647 vita
613 1575 655 1648 ab
675 1595 719 1646 eo
735 1549 930 1668 conscripta
944 1564 1061 1642 multis
1076 1563 1277 1640 fabularum
1294 1569 1381 1642 codi«

371 1701 471 1775 cibus
495 1697 644 1798 praefixa
665 1715 736 1789 est,
759 1697 840 1772 illud
861 1691 1024 1795 probari,
1049 1693 1144 1768 reete
1158 1713 1273 1794 negat
1288 1695 1377 1770 Thir-

372 1813 505 1911 'wittun
557 1825 598 1900 In
621 1823 691 1898 hoc
709 1845 796 1898 vero
818 1846 880 1898 nos
895 1820 1036 1909 omnino
1052 1823 1318 1899 consentientes
1332 1824 1375 1898 ht.

371 1959 457 2046 bet,
480 1953 586 2034 libros
612 1949 800 2026 fabularum
831 1949 1087 2048 Aesopeatum,
1111 1950 1169 2048 qui
1199 1951 1316 2026 hodie
1334 1953 1374 2026 fe·

369 2093 516 2168 buntur,
548 2077 590 2148 ab
617 2075 810 2170 junioribus
835 2079 1010 2152 Graeculis
1033 2075 1244 2170 confedbos,
1283 2082 1321 2156 ἃ
1340 2107 1371 2157 er

368 2203 543 2282 Rubriano
561 2219 670 2294 opere
699 2197 819 2276 dudbos
834 2201 916 2276 erse.
967 2203 1061 2278 Nam
1080 2201 1256 2280 editiones
1283 2209 1373 2281 Aeso·

366 2335 413 2430 'pi
435 2353 479 2406 ex
504 2325 612 2402 tribus
627 2325 738 2400 faune
756 2327 833 2414 sunt
846 2329 1019 2426 exemplis.
1072 2331 1229 2406 Primum
1248 2338 1374 2406 estdc·

313 2485 317 2500 ·
365 2455 581 2541 cursianum,
603 2473 694 2524 anno
709 2450 850 2524 circiter
869 2478 964 2549 1479
986 2455 1181 2532 Mediolani
1206 2462 1308 2558 typis
1327 2486 1371 2536 cx·

366 2579 548 2682 pressum,
572 2577 758 2678 repetitum
789 2581 832 2654 ab
861 2581 953 2654 Aldo
982 2582 1021 2657 dt
1045 2581 1129 2656 aliis.
1184 2585 1373 2662 Secundum

365 2725 426 2783 est
443 2707 536 2782 Rob.
551 2705 736 2806 Stephani,
761 2701 945 2799 A.”1546,
973 2733 1042 2805 quo
1063 2709 1313 2787 Accutstanum
1325 2737 1372 2786 aa·

365 2855 473 2938 egetur
498 2851 601 2932 atque
623 2831 821 2907 emendatur
838 2857 881 2907 ex
900 2834 1126 2910 vetustissimo
1144 2837 1376 2914 bibliothecae

364 2961 489 3060 regiae
512 2960 611 3034 libro.
664 2959 823 3032 Tertium
840 2959 880 3032 ls.
897 2958 980 3036 Nic.
998 2962 1166 3036 Neveldti
1184 2967 1231 3043 A.
1255 2977 1378 3058 1610,

366 3109 439 3186 quo
453 3087 538 3160 item
552 3081 792 3161 Accursranutn
809 3084 981 3177 redditur,
1007 3086 1064 3161 sed
1080 3091 1316 3187 locupletatur
1333 3096 1382 3172 fa.

241 3198 243 3203 ¹
368 3209 460 3289 bulis
481 3209 620 3284 ineditis
643 3227 781 3284 centurn
798 3209 837 3284 tit
863 3211 1006 3307 triginta
1028 3213 1106 3304 sex,
1132 3237 1175 3289 ex
1193 3217 1388 3304 codicibus

366 3319 599 3417 bibliothecae
625 3333 795 3408 Palatinae
816 3335 983 3434 quinque3
1009 3318 1070 3436 qui
1091 3342 1257 3434 codices,
1296 3371 1412 3426 cunr¹

362 3488 444 3542 raro
474 3465 566 3539 inter
581 3437 629 3534 le
658 3459 882 3554 dissentiant,
905 3476 1071 3564 pro'uno
1104 3471 1256 3546 habendi
1291 3473 1388 3553 sunt.

361 3587 436 3666 Sed
458 3587 495 3664 in
520 3589 679 3664 ornnibus
699 3586 807 3663 tribus
833 3597 997 3691 exemplis
1022 3593 1198 3670 manifesta
1215 3601 1310 3677 sunt
1330 3629 1393 3682 ve·

360 3715 467 3815 stigio
497 3713 669 3790 suavitatis
693 3715 947 3815 elegantiacquc
961 3721 1147 3803 Babrianae
1166 3725 1294 3804 metro
1317 3733 1393 3807 sca.

359 3863 468 3918 conte
484 3841 539 3917 seu
557 3839 809 3935 choliambico,
828 3869 912 3944 quae
927 3871 1051 3948 magna
1068 3836 1260 3949 sagacita'tc
1282 3860 1396 3938 inda·

285 4015 287 4018 ψ
357 3969 647 4074 genialiaque
663 3968 795 4050 sudori
819 3969 955 4066 uersus,
981 3978 1092 4074 quoad
1112 3981 1183 4078 ejus
1204 3981 1300 4058 fieri
1326 4014 1398 4084 po-

1304 4118 1408 4211 tuit,
