2904 5248
365 415 463 534 «μ’
503 395 718 506 nxnimu
742 395 979 532 cnrerun
1003 417 1092 502 ors
1117 401 1334 508 luemus
1399 420 1400 466 l

379 603 594 703 conscriptae
617 606 661 680 ab
687 603 840 680 Eumene
864 600 1033 702 Cardiano
1048 597 1087 677 dt
1102 601 1271 681 'Diodoto
1286 607 1394 707 Ery-³

377 733 510 821 thraeo.
559 730 697 806 Deinde
735 729 863 804 Itinera
903 727 1076 804 exercitus
1119 731 1346 809 Macedonici
1362 751 1402 828 ,¹¹

378 857 547 956 descripta
571 853 663 953 jussu
685 854 891 944 Alexandri,
906 875 940 927 a
963 855 1203 954 Diogneto&
1224 861 1378 959 Berone,

376 986 539 1062 itinerum
589 977 810 1056 mensoribus.
857 981 977 1076 ¹Tum
1018 959 1183 1078 epistolae
1221 985 1286 1083 eju
1330 990 1380 1065 ad

377 1109 531 1204 amicos,
566 1105 613 1180 de
640 1129 777 1205 quarum
805 1107 1027 1202 austoritate,
1060 1129 1098 1182 ut
1121 1108 1167 1182 de
1190 1111 1264 1186 aliie
1284 1116 1384 1188 anti·

377 1259 522 1338 quorum
547 1231 719 1331 epistolis,
743 1257 825 1310 vere
854 1234 893 1310 dc
926 1253 1085 1312 accurate
1106 1233 1225 1315 statuit
1249 1235 1377 1316 audior.
1404 1257 1405 1264 ¹

377 1356 539 1458 Denique
562 1359 819 1462 provinciarum
840 1357 1048 1459 descriptio,
1079 1360 1167 1438 satia
1189 1361 1374 1440 Alexandri

372 1487 462 1588 J'ussu
483 1511 504 1562 a
527 1484 649 1584 peritir
674 1483 899 1584 geographis,
922 1511 1022 1585 quam
1037 1483 1312 1586 desciptionem
1324 1489 1373 1564 Pa·

376 1614 519 1706 trocles,
544 1614 602 1714 qui
613 1613 693 1707 ,sub
711 1611 855 1686 Seleuco
869 1609 1191 1702 Nicanore,lndiae
1208 1611 1373 1710 praestit,

375 1741 515 1841 eiusque
531 1763 626 1818 oram
640 1737 739 1818 classe
747 1737 836 1813 obiit
846 1735 1034 1836 ,accepisse
1045 1736 1080 1810 se'
1093 1737 1230 1813 dixerat
1243 1737 1372 1812 axem

376 1871 450 1960 cle,
459 1889 563 1968 gazae
579 1866 697 1965 regiae
713 1861 898 1966 praesesio.
924 1863 1034 1938 Multi
1049 1861 1188 1940 fuerunt
1203 1881 1372 1964 praeterea

304 2077 307 2084 ,
374 1991 685 2084 historicizveluti,
710 1993 926 2090 Cephalaeon
943 1988 1162 2086 Gergettiur,
1189 1992 1281 2095 qui,
1306 2017 1369 2070 cun

373 2104 544 2197 Herodoti
577 2117 736 2216 exemplo
768 2111 958 2189 universam
987 2115 1162 2194 historiam
1186 2141 1322 2195 novem
1340 2121 1369 2195 li·

373 2247 444 2327 bris
466 2245 589 2346 Jonica
615 2239 761 2318 dialeslo
785 2242 1090 2339 complecteretur,
1116 2269 1213 2321 nono
1233 2243 1367 2320 Alexan-

222 2403 230 2418 e
374 2369 430 2448 dri
444 2395 497 2446 res
512 2369 687 2469 exposuit,
699 2367 748 2441 ita
762 2385 799 2442 ut
812 2389 857 2442 ex
873 2369 1017 2470 triginta
1029 2369 1275 2468 scriptoribus,
1292 2371 1369 2469 quod

375 2499 410 2576 ei
426 2497 633 2598 verissimum
657 2491 852 2586 videretur,
874 2494 1007 2590 judicio
1021 2494 1178 2593 eligeret.
1230 2499 1371 2574 suamne

268 2641 271 2652 '
375 2623 415 2701 Gt
432 2613 535 2716 ulii,
559 2619 598 2698 dt
628 2622 773 2712 Chares,
800 2618 1011 2712 Anticlides,
1036 2619 1136 2696 Philo
1159 2623 1364 2719 Thebane,

375 2744 572 2826 Hecataeus
595 2741 819 2833 Eretricum,
853 2743 957 2820 Duris
982 2743 1139 2841 Samius,
1158 2747 1370 2844 Nearchus,

375 2868 603 2970 Timagenes,
627 2870 686 2970 qui
707 2871 814 2946 verbo
830 2865 995 2944 &obiter
1018 2893 1263 2950 memorantur.

343 2977 349 2996 ’
422 2999 491 3074 ted
517 2995 721 3096 scriptores,
746 2993 791 3068 de
814 2994 934 3092 quibus
955 2995 1118 3074 haetenus
1145 2999 1277 3076 diuum
1302 3017 1383 3097 eat,

374 3144 496 3202 omnes
525 3141 719 3218 temporum
740 3117 862 3213 injuria
890 3121 1076 3216 perierunt.
1127 3126 1385 3224 Sequunmrii

374 3256 434 3354 qui
462 3243 636 3352 supersunt
661 3265 672 3317 ε
697 3263 843 3341 quorum
874 3246 1009 3340 partlm,
1035 3249 1257 3346 peculiaribus
1286 3253 1413 3333 scr}

373 3379 465 3478 ptis,
483 3372 608 3476 partim
626 3367 808 3470 conjuncte
824 3391 904 3446 curn
920 3374 1057 3452 aliarum
1072 3393 1185 3453 retum
1204 3375 1363 3456 historia
1370 3435 1391 3475 ,

373 3501 418 3577 de
433 3499 629 3577 Alexandro
642 3497 875 3600 prodiderunt.

423 3625 478 3700 Ex
504 3623 557 3699 his
583 3626 687 3723 longe
701 3624 860 3724 princepe
872 3626 1015 3724 ponitur
1030 3629 1214 3726 Arrianus,
1240 3639 1312 3735 qui
1331 3661 1398 3714 an-

375 3747 485 3827 stores
508 3749 682 3846 inprimis
707 3749 838 3828 setuttu
859 3771 912 3828 est
938 3755 1049 3849 duos,
1073 3761 1324 3843 Ptolemaeum
1348 3765 1399 3844 δι

375 3869 628 3969 Aristobulum,
653 3901 852 3979 quamquam
877 3881 971 3958 illum
991 3887 1160 3980 manime,
1184 3913 1313 3991 neque
1333 3897 1405 3970 ali·

372 4027 416 4096 ,nt
434 4003 608 4106 neglexit,
633 4007 692 4107 qui
713 4029 766 4088 rer
786 4029 885 4090 verat
900 4007 939 4090 dr
957 4015 1197 4099 memorabiles
1213 4019 1410 4100 madidis·

432 4159 436 4172 '
837 4171 843 4188 ·
1367 4146 1413 4226 se
