2904 5248
91 463 103 474 ’
152 455 574 600 υΕεοΜΕεΥΡΤι.
601 518 627 593 1.
651 499 700 592 u.
729 447 1006 608 urrorruntrs.
1061 521 1108 604 ss

102 694 314 786 illustranda,
339 711 440 790 atque
457 691 671 792 corrigenda.
723 691 900 766 Habemus
926 687 1101 764 Gramma·

102 819 465 920 titospropemodum
501 819 776 896 innumerabiles.
836 819 999 890 Oratores
1024 837 1125 912 pen,

99 949 241 1034 multos,
267 944 423 1041 interque
442 969 501 1020 eos
517 944 693 1025 Haririum
714 941 751 1017 δι
768 941 1035 1043 ¹Hamdanium,
1064 965 1101 1012 u·

98 1070 304 1167 stumquein
324 1070 383 1148 suo
404 1093 530 1170 genere
556 1061 796 1144 cumGraecis
825 1067 929 1143 facile
958 1089 1098 1162 compa·

98 1195 253 1270 randum.
282 1197 466 1296 ·Denique
498 1199 679 1271 Poetarum
713 1194 924 1291 optimorum
957 1189 1098 1291 egregia

89 1341 147 1395 est
162 1322 286 1420 copia,
310 1347 453 1420 quorum
468 1321 664 1422 ingenium,
680 1319 770 1418 quod
788 1319 998 1416 superiorum
1011 1337 1098 1390 tem·

89 1467 221 1554 porum⁸
237 1448 387 1520 tenebris
410 1447 576 1545 sepultum
593 1468 687 1540 erat,
710 1448 746 1524 in
761 1449 828 1523 hac
845 1466 915 1520 tam
934 1444 1029 1518 felici
1055 1443 1096 1516 li·

86 1589 238 1647 terarum
261 1573 465 1649 conditione
491 1573 737 1665 reviviscebat,
763 1572 888 1672 quique
910 1561 1010 1666 nobis
1024 1569 1097 1668 qui·

86 1696 167 1771 dem
189 1698 348 1772 videntur
368 1701 411 1774 ab
432 1699 578 1795 antiquis
594 1699 682 1788 illis,
709 1721 793 1795 quos
808 1699 918 1795 prima
932 1715 1024 1772 aetas
1040 1715 1093 1768 tu·
1145 1729 1149 1744 ·

53 1811 56 1818 *
83 1821 148 1912 lit,
174 1818 265 1898 haud
281 1823 425 1896 multum
442 1822 601 1920 superari.
654 1824 769 1924 Quare
787 1824 1012 1900 vehementer
1027 1820 1091 1894 mi·

84 1949 153 2022 rati
175 1947 315 2040 sumus,
339 1947 432 2047 quod
454 1947 582 2045 scripsit
605 1945 818 2039 Michaelis,
854 1947 1021 2046 (praefat.
1048 1947 1090 2021 ad
1121 2045 1124 2054 k
1169 1955 1170 1960 ’

86 2074 242 2150 Gramm.
268 2073 372 2150 Arab.
396 2099 430 2171 p.
450 2086 495 2168 38
518 2072 636 2169 seqq.)
650 2095 779 2143 auream
798 2071 928 2166 Poeseos
949 2089 1087 2144 aetatem
1205 2138 1208 2144 .

80 2223 153 2272 cum
173 2201 393 2274 Mobammrds
416 2197 584 2294 occidisse,
610 2190 671 2286 ss,
695 2194 820 2267 indulso
836 2198 971 2289 primum
985 2219 1007 2265 a
1023 2197 1086 2267 Le·
1152 2255 1154 2264 .

79 2326 151 2398 bido
173 2327 206 2396 in
221 2322 333 2420 Porfin
341 2322 562 2424 superstitione
579 2320 860 2407 manummerias,
885 2325 1028 2394 nativum
1046 2325 1086 2392 il·

76 2452 142 2524 suut
154 2452 302 2547 pulchri,
319 2435 492 2547 sublimis,
516 2448 693 2546 remissique
703 2440 833 2537 sensum
849 2445 882 2509 iu
898 2449 1080 2514 recentiori·

74 2565 136 2648 bris
150 2573 259 2673 fuisse
282 2575 477 2674 esstiuslum.
530 2571 625 2640 Nam
641 2561 711 2674 ‘etsi
736 2561 877 2636 difficile
891 2563 932 2636 fit
954 2565 997 2635 de
1013 2565 1083 2638 lau·

73 2696 176 2772 dibus
195 2696 401 2791 singulorum
414 2691 590 2785 judicare,
615 2689 760 2769 intanta
781 2685 884 2760 ctiam
901 2687 1004 2784 copia
1019 2687 1083 2762 srnt

76 2811 234 2894 nonnulli
259 2841 337 2894 cuns
355 2814 526 2913 prioribus
542 2812 683 2889 minime
698 2813 936 2910 comparandi,
963 2834 1078 2900 tumen
1113 2863 1116 2876 ·

72 2943 227 3041 iniquum
250 2961 330 3033 est,
355 2939 494 3040 nequid
508 2939 827 3040 dicamusgravius,
856 2896 919 3015 stc
935 2957 1003 3014 tam
1018 2965 1078 3016 au·

70 3069 150 3144 daci
165 3066 426 3165 reprehensione
445 3056 563 3142 omnes
580 3067 722 3143 omnino
736 3066 937 3148 recentioris
954 3067 1074 3142 aetatis

61 3198 194 3272 Poetae
215 3213 356 3284 noture3
392 3191 430 3268 sse
456 3193 666 3292 Tograjoe.
692 3217 751 3280 c..
776 3193 980 3287 Buziridne,
1007 3198 1071 3270 lbn

61 3319 190 3409 Ferdi,
216 3317 408 3414 Nuwagio,
436 3321 692 3410 Motanabbio,
722 3317 793 3393 ὅι
784 3321 939 3417 ruptimis
973 3325 1067 3412 Abu

65 3447 154 3522 lolae
171 3444 261 3518 hanc
277 3443 409 3518 laudern
426 3443 619 3543 denegare,
638 3471 696 3522 eos
713 3447 835 3546 dignos
851 3449 922 3522 essc
903 3472 1005 3546 c,qur
996 3449 1067 3523 ob
1090 3427 1095 3438 ¹

64 3571 204 3669 spiritus
245 3569 544 3666 magnitudinem,
569 3573 757 3670 imaginum
787 3555 1070 3668 iucunditatem,
1189 3628 1191 3634 -

64 3696 225 3772 dislionls
234 3695 475 3772 sublimitatem
490 3717 591 3795 atque
609 3697 830 3790 venustatem,
840 3697 875 3772 in
893 3677 1063 3772 certamen

63 3822 275 3897 adducantur
299 3845 376 3895 cum
413 3823 533 3920 priscis
554 3823 629 3896 'illis
657 3823 794 3917 Poetis,
820 3823 877 3920 qui
901 3823 1061 3896 viserunt
1102 3841 1105 3846 ·

34 3957 144 4054 'ante
164 3947 471 4039 Molrammedem,
498 3948 798 4044 Motolammesro,
825 3947 1057 4036 Auuallrciso,
1106 4019 1110 4037 ,

60 4076 197 4171 Carbo,
226 4073 433 4176 Tharapha,
459 4075 609 4176 aliisque.

247 4225 250 4231 ·
617 4201 646 4274 F
661 4225 684 4300 s
748 4279 751 4290 .
