2964 5252
251 429 1008 580 nrln'nrronrunnrvrunrn
1059 524 1133 618 η,

125 686 309 773 Nimirum
340 690 396 785 Jo.
425 685 505 765 Em.
522 683 667 773 Faber,
700 680 754 757 vir
774 685 980 760 ‘erceleorit
1001 683 1139 786 ingenii

127 835 234 915 atque
254 813 445 894 duilnnae,
470 807 700 886 constituerat⁴
716 810 882 888 Glaslrum
908 811 1021 912 depuo
1043 814 1143 910 typio
1258 837 1262 845 ,
1336 800 1370 930 Ἰ

128 943 335 1040 divulgare,
374 939 530 1015 &novo
552 934 643 1034 quali
673 937 791 1012 habitu
824 939 977 1014 induere.
1032 939 1140 1046 Quoi

130 1091 220 1147 vero
245 1063 422 1144 confilium
447 1089 526 1142 tum
556 1085 770 1162 praematura
800 1063 898 1159 nujus
932 1063 999 1141 viti
1029 1073 1143 1142 rnorte'

130 1193 412 1292 praepediretur,
439 1193 587 1271 Dathius
609 1217 630 1274 a
652 1191 790 1268 librario
805 1209 963 1289 togatus,
982 1191 1143 1290 inprimii

131 1340 220 1398 teto
251 1316 401 1397 utilitaie
432 1343 474 1396 tc
504 1316 708 1418 praestantia
738 1317 816 1394 libri
844 1335 1049 1414 permotui,
1082 1322 1146 1398 lta!

54 1434 78 1462 ⁹
129 1465 246 1543 parret
272 1443 450 1544 suscepit,
486 1443 664 1546 ipsumque
696 1443 784 1520 adeo
808 1441 952 1523 retinuit
985 1447 1147 1540 titulum4

132 1593 238 1668 quern
259 1572 365 1644 Faber
383 1570 420 1644 ei
444 1569 586 1651 fecerat
636 1573 720 1654 Nec
737 1593 853 1648 tamen
867 1593 910 1646 ex
935 1569 1066 1646 t‘tlredis
1083 1573 1149 1646 Fa·

133 1695 210 1786 bri,
245 1695 272 1770 si
301 1719 382 1796 quas
413 1697 533 1773 habuit
558 1720 716 1797 paratas,
750 1697 879 1797 aliquid
907 1700 948 1774 ad
970 1697 1149 1776 Editorern

138 1818 292 1898 nostrum
317 1823 501 1918 pervenit,
527 1824 585 1900 sed
610 1824 672 1923 ipsr
689 1824 751 1900 soli
765 1827 909 1902 debetur
926 1825 1095 1928 quidquid.
1105 1817 1148 1902 ad

138 1947 333 2044 augendum
373 1949 652 2048 ornandumque·
678 1951 843 2028 Glaalium
877 1955 1027 2034 accessit.
1077 1955 1150 2028 Da·

141 2073 237 2150 thiur
259 2073 365 2172 igitur
378 2073 445 2153 hac
466 2075 540 2152 fere
560 2077 695 2160 ratione
717 2079 792 2160 usur
814 2099 866 2152 ert
884 2081 919 2153 in
942 2101 1049 2176 opere
1074 2099 1153 2174 per·

141 2199 305 2277 ficrendo.
356 2256 380 2292 „
407 2198 523 2278 Primo
545 2205 684 2302 quidem
722 2205 758 2280 in
791 2223 888 2302 parte
916 2203 1152 2280 Grammatica

141 2325 318 2407 imminuit
334 2326 472 2424 copiam
495 2333 732 2428 exemplorum
756 2328 924 2418 nimiam,
951 2349 1006 2401 tot
1029 2329 1179 2406 solum·.

142 2455 250 2532 rnodo
267 2453 429 2543 servatis,
455 2473 540 2552 quot
559 2456 698 2551 regulae
715 2449 928 2526 illustrandae
943 2449 1154 2546 sufficerent,
1204 2517 1207 2526 ,

141 2583 199 2656 vel
232 2605 317 2680 quae
353 2581 503 2656 maxime
542 2575 652 2650 essent
685 2571 840 2671 insignia.
902 2577 1008 2654 Porro
1032 2579 1156 2662 ,omili't

143 2729 225 2782 cum
247 2705 423 2799 longiores
440 2697 602 2800 quaedam
626 2699 874 2797 explicationes
897 2701 1048 2778 locorum
1059 2755 1073 2795 ,
1096 2707 1157 2802 qui
1264 2680 1269 2709 ⁵

145 2853 217 2906 non
250 2847 346 2902 erant
370 2827 458 2908 adeo
482 2821 656 2899 intelleiiu
681 2824 862 2916 difficiles,
888 2845 961 2904 tum
996 2817 1158 2908 observa·

145 2957 260 3030 tiones
284 2957 405 3030 multas
428 2941 645 3044 Polemicat,'
662 2975 743 3052 quat
769 2950 932 3042 Grattius,
957 2977 1053 3029 more
1078 2957 1158 3030 luat

147 3082 297 3171 aetatis,
346 3101 410 3180 qua
463 3075 642 3154 fervebant
698 3077 856 3174 inprimis
905 3082 1159 3158 controversrae

148 3205 419 3304 Theologicae,
460 3227 580 3282 contra
622 3201 858 3296 Pontificiot,
913 3205 1161 3300 Carvilianum

151 3334 353 3416 Socinianos
386 3328 504 3427 parlim
537 3329 717 3428 adjecerat.
760 3332 818 3453 ipe
844 3349 959 3407 tamen
994 3355 1158 3428 omnem,

148 3481 239 3559 quat
261 3457 345 3534 hinc
367 3453 503 3555 percipi
525 3456 658 3554 posset,
683 3456 870 3536 utilitatem
892 3462 1158 3556 praecluderet,

147 3584 295 3662 retinuit
315 3609 463 3683 paucas,
488 3583 673 3681 praecipue
708 3607 784 3676 eat,
812 3609 897 3686 quae
924 3587 1048 3665 Christi
1069 3587 1160 3666 divi·

151 3715 314 3806 uitatem,
338 3715 477 3812 ejusque
499 3708 762 3790 ntisfattionem
784 3713 1022 3812 propeccatis
1048 3715 1160 3792 homi·

153 3863 258 3934 num,
283 3839 432 3918 marine
455 3836 680 3914 vindicarent.
710 3841 848 3916 Deinde
875 3841 1021 3918 mutavit
1045 3835 1160 3941 ploret

151 3969 284 4069 ‚regulas
306 3992 376 4044 non
398 3965 475 4043 latit
493 3987 652 4040 accurate
678 3969 841 4061 traditam
866 3972 945 4043 alius
967 3971 1071 4044 etiam
1088 3969 1159 4066 pln-

148 4113 199 4180 tre
244 4091 406 4190 delevit,
451 4093 554 4179 novit
590 4094 787 4216 substitutis.
837 4097 1161 4202 Supplemenrorurn

972 4241 1311 4318 ¹uero,-
