2986 5262
151 495 606 632 sustamn'ruouurtr
619 501 858 588 uranon·
902 506 1016 636 vot,
1040 517 1071 594 r.
1115 523 1164 614 r,
1208 630 1211 636 .
1261 582 1264 590 ,

137 711 186 796 “ci
213 691 520 798 feceruntnonr'eo
544 717 614 796 viri
638 693 813 808 brinnon,
844 717 905 794 Etr
931 721 991 796 hic
1014 729 1155 804 omnino
1211 715 1214 722 ⁴
1298 821 1307 834 ἱ

145 853 305 954 frequent
331 851 543 928 Graecorum
557 875 675 945 error,
700 873 739 927 ut
763 853 1022 932 Diis=looorum
1040 859 1153 934 nomi·-

146 1004 191 1058 oa
220 979 386 1057 tribuant:
420 978 529 1056 veluti
560 981 702 1056 Artemis
727 997 778 1055 ott
801 981 877 1092 urbs
899 979 1051 1078 Tamuda
1077 987 1160 1060 Cro:
1245 957 1247 964 Ι

140 1132 221 1200 nur„
247 1110 404 1201 Cir-Ort,
428 1110 505 1182 urbs
521 1107 623 1183 Solis:
650 1106 787 1203 Cieops,
815 1107 943 1205 Castor,
967 1111 1152 1209 Caystrius,

142 1236 274 1332 Cybele,
303 1237 444 1324 Cubebe,
465 1255 509 1306 ex
524 1229 624 1306 firniii
638 1231 713 1308 sunt
725 1231 995 1332 compositione:
1021 1232 1060 1312 dc
1078 1239 1151 1312 Cer·

139 1365 235 1437 barus
259 1385 304 1438 err
326 1363 562 1438 cir-Arre-
597 1360 750 1452 Cocutor,
773 1357 843 1434 fine
858 1360 981 1453 dubio,
1004 1367 1151 1460 ternplum
1295 1429 1300 1442 .

137 1489 337 1564 eratfiCutbi
359 1485 397 1562 in
413 1487 601 1585 Aegypt03
626 1487 670 1560 ab
688 1507 732 1562 eo
745 1488 981 1563 nominabatur
1000 1485 1091 1560 fossa
1107 1509 1152 1562 ex

138 1613 228 1690 Nilo
242 1613 361 1704 dubia,
383 1633 491 1712 quae,
521 1637 600 1690 cunr
617 1613 738 1712 putida
756 1614 842 1690 esset
862 1612 1026 1712 &prope
1042 1614 1153 1714 sepul·

139 1757 239 1812 turae
262 1741 398 1828 locum,
424 1739 611 1815 vocabatur
625 1742 825 1816 Charoniana
841 1738 948 1828 fossa,
972 1737 1029 1812 seu
1047 1741 1154 1815 Arba·

137 1889 204 1942 roro
252 1861 352 1938 Idem
372 1885 500 1937 nomen
518 1881 591 1936 erat
605 1863 706 1938 fluvii
722 1863 758 1936 in
773 1865 902 1960 Epiro,
924 1859 1017 1959 quod
1032 1861 1066 1936 ei
1081 1861 1152 1935 Ae·

140 1989 258 2092 gyptii
281 1989 397 2090 coloni
421 1987 584 2061 indidisse
606 1989 777 2062 videntur.
811 1990 903 2078 Juno
926 1989 1050 2062 erveta
1072 1985 1146 2086 (ap.

138 2121 282 2200 Varron.
303 2115 350 2205 L,
361 2115 402 2186 L.
429 2111 477 2188 V.
499 2136 534 2208 p.
559 2112 636 2214 49.)
661 2107 753 2183 dieta
779 2125 885 2182 crata
904 2110 1069 2196 Coo-El,
1093 2111 1148 2184 do·

135 2271 205 2324 raus
221 2243 304 2331 Det·
323 2239 361 2316 dt
376 2239 458 2315 inde
475 2239 610 2315 Corium,
646 2211 783 2329 Korbi,
811 2257 1028 2334 cognomen,
1054 2233 1149 2335 quod
1199 2241 1205 2250 “

137 2378 266 2459 Graeci
288 2377 411 2488 multis⁴
426 2371 566 2448 urbibus
589 2373 714 2450 dabant
726 2427 741 2469 ,
774 2395 844 2448 non
867 2390 918 2446 est
940 2396 1051 2464 caua,
1077 2370 1148 2468 'sed

135 2509 294 2612 ccelesiis,
318 2529 339 2580 o
356 2508 395 2582 Co
406 2505 483 2579 -Et
518 2499 674 2574 Unde&
697 2501 895 2596 coelesyria
910 2495 1072 2594 estsotra
1087 2494 1147 2572 seu

133 2635 273 2736 eoelestis
295 2631 404 2731 Syria.
453 2625 587 2700 Dorica
612 2623 723 2698 forma
748 2642 801 2694 est
823 2627 892 2695 Coil
914 2622 971 2694 seu
995 2627 1084 2710 Coal,
1108 2643 1148 2700 ut

129 2779 186 2838 ctt
208 2756 300 2856 apud
327 2749 542 2834 Ausonium,
567 2765 703 2820 nonen
727 2741 935 2841 compendio
954 2761 1057 2838 orta,
1089 2743 1147 2824 sed

133 2871 487 2979 integradefimplex.
513 2854 740 2957 onerentur}
751 2869 946 2944 Ammonea
955 2893 1053 2968 gens,
1064 2897 1145 2972 pro·

132 3009 211 3112 prie
233 2999 316 3080 dieti
337 3000 477 3086 Adores,
503 3013 582 3082 curn
606 2989 642 3064 in
666 2987 740 3066 aliis
763 2994 883 3086 rebus,
909 3012 982 3071 tum
1004 2999 1039 3074 in
1067 3021 1145 3075 ver·
1217 2997 1226 3008 ”

130 3141 253 3215 borum
273 3116 539 3213 emundatione,
570 3115 781 3216 antiquitatis
805 3119 1139 3220 erant'tenacirfimi:

128 3276 252 3337 contra
274 3245 398 3348 reliqui
417 3243 546 3320 Graeci
570 3246 754 3323 verborum
774 3245 924 3346 origines
940 3245 1144 3345 adjiciendis
1195 3263 1200 3280 “

129 3374 432 3464 terminationibus
447 3369 680 3448 obscurabant.
716 3371 781 3466 Et,
801 3371 940 3449 audiere
955 3373 1142 3453 Herodoto
1191 3367 1197 3372 ’
1237 3447 1240 3455 .

111 3485 212 3608 ur,
236 3491 308 3602 543
339 3503 475 3579 norum
499 3499 643 3598 majores
665 3499 836 3602 Aegypto
851 3495 1143 3586 tresenreuter·

129 3633 267 3744 Hymni
296 3633 336 3709 in
364 3631 536 3728 Prytaneo
564 3622 696 3705 cantari
726 3627 842 3720 soliti,
880 3627 1005 3705 Dorici
1031 3651 1139 3713 erant.

103 3757 188 3846 'Et'
208 3759 352 3842 omnino
380 3753 523 3832 retinuit
560 3755 648 3830 haec
679 3755 843 3858 dialeiiua
870 3753 951 3832 vim
969 3755 1138 3856 antiquae

128 3881 346 3986 Ammoneae
370 3881 486 3971 vocis3
516 3879 602 3958 hinc
626 3877 806 3984 spelunca,
830 3885 989 3986 inquam
1012 3879 1139 3982 suppli·

126 4019 190 4100 cio
214 4011 417 4098 affediorum
437 4009 603 4132 cadavera
622 4009 916 4110 projiciebantur,
950 4011 1136 4148 vocabarrpr
1252 4021 1256 4028 ·

249 4135 254 4140 ’
612 4145 643 4224 Ε
1007 4139 1165 4215 ’Καιοιυ
1221 4149 1222 4152 ’
