2964 5252
309 507 354 560 xl,
453 459 759 553 nonnullis
785 466 1191 555 nnnoonnrnu

303 681 396 746 rous,
419 652 594 729 efficienda
618 651 775 728 sufficiat:
800 649 849 723 ita
872 673 1008 724 ornnem
1023 649 1117 726 vitae
1130 653 1348 755 imaginem

304 781 483 882 expressit:
510 797 604 854 tanta
622 777 656 851 in
667 797 716 850 'eo
736 773 930 849 inveniendi
947 775 1066 870 copia,
1079 775 1121 853 dc
1134 781 1344 878 eloquendi
1448 800 1451 856 l

305 909 469 984 facultas:
495 905 543 980 ita
557 923 609 976 ert
624 903 777 978 omnibus
791 902 909 993 rebus,
933 899 1105 999 personis,
1120 904 1336 1000 affeetibus,
1451 930 1452 944 ¹

301 1029 607 1111 accommodatus?
978 1035 982 1042 “
1036 1127 1045 1148 ·

352 1166 514 1238 Ceterum
537 1156 635 1254 ipsa,
660 1181 749 1254 quae
771 1155 860 1232 citio
889 1157 1074 1232 'vertuntur
1102 1180 1123 1230 a
1153 1159 1322 1256 plerisque

301 1286 484 1385 Euripidi,
512 1281 622 1358 veluti
635 1281 790 1380 Prologi,
806 1281 1006 1358 nunciorum
1023 1283 1246 1376 narrationes,
1265 1285 1316 1362 dc

303 1407 519 1509 aquaesunt
534 1407 614 1498 illa,
637 1405 771 1480 facilem
784 1405 1191 1484 habentexcusationem:
1215 1409 1312 1507 quip-

308 1559 353 1636 pe
378 1531 531 1634 profesta
552 1532 631 1606 sunt
653 1555 723 1607 non
740 1553 790 1607 ex
816 1531 1024 1631 ignorantia,
1048 1529 1102 1608 sod
1120 1557 1163 1609 ex
1184 1534 1317 1632 ingenii

307 1661 423 1762 potius
447 1655 675 1749 abundantio,
695 1656 737 1734 dt
753 1675 850 1733 terto
870 1657 1021 1756 juditio,
1045 1659 1167 1757 quibus
1190 1658 1319 1733 sallum

308 1803 363 1862 ert
381 1835 396 1874 ,
436 1800 477 1856 ut
509 1803 760 1882 nonnumquam
789 1783 1066 1882 verilirnilitndini
1097 1801 1316 1882 anteponeret

309 1904 594 2008 perspicuitatem
650 1907 760 2006 Igitur
781 1929 914 1986 tantum
929 1909 1059 2004 abluit,
1084 1932 1124 1986 ut
1141 1930 1314 2012 propterea

310 2032 421 2108 minus
449 2055 528 2108 eum
547 2033 726 2130 posteritas
746 2035 901 2128 coleret,
938 2055 978 2111 ut
1001 2039 1191 2136 legentium
1215 2037 1320 2114 studio

313 2157 478 2256 copiaque
502 2157 604 2233 etiam
628 2160 830 2259 Sophoclem
848 2162 1067 2260 superaverit.
1120 2165 1226 2270 Quod
1243 2189 1318 2240 curo

316 2283 398 2360 inde
415 2281 611 2382 intelligitur
618 2285 734 2382 ,⁹qnod
749 2287 918 2385 Euripidis
932 2287 1146 2387 undeviginti
1167 2291 1320 2380 fabulae,

316 2407 490 2506 Sophoclis
509 2433 576 2486 uon
597 2413 657 2488 nisi
674 2413 821 2510 septem,
845 2435 911 2486 nec
933 2415 1042 2510 plnrer
1059 2414 1254 2510 Aestlryli,
1271 2413 1317 2488 ad

314 2513 458 2610 nostran
476 2533 719 2628 servataesrrnt
739 2555 906 2614 aetatem:
920 2557 993 2612 turn
1009 2535 1105 2627 inde,
1118 2537 1209 2632 qnod
1222 2563 1310 2612 nuru

314 2687 361 2737 ex
380 2661 511 2761 poetis,
534 2679 684 2760 excepto
707 2663 886 2755 Homero,
909 2661 1086 2761 Euripides
1100 2686 1175 2736 eam
1194 2665 1318 2738 assecu-

317 2807 372 2860 tus
398 2807 452 2860 est
477 2787 713 2862 ausloritntem
738 2788 1086 2886 existimationernqne
1116 2789 1321 2886 sapientiae,

315 2933 357 2990 ut
375 2911 494 3010 finguli
511 2911 585 2985 sere
601 2913 673 3011 ejus
691 2915 806 2990 versus
823 2939 887 3013 pro
901 2909 1033 3011 lingulis
1049 2914 1254 2988 haberentur
1270 2923 1332 2987 te-'

317 3039 498 3134 tunnulis,
522 3037 564 3116 dt
584 3035 840 3138 proverbiorum
857 3037 928 3114 vim
944 3039 1227 3114 nanciscerentur.
1263 3041 1322 3116 Nil

320 3159 470 3244 ditonus
500 3167 545 3239 de
571 3161 642 3238 aliis
667 3161 922 3260 Scripturibus,
950 3189 1094 3263 quorum
1121 3167 1320 3267 utquisque

320 3291 493 3370 studiosior
511 3285 578 3364 suit
598 3311 701 3364 verae
722 3289 951 3386 eloquentiae,
976 3294 1025 3374 ita
1038 3295 1200 3389 majorem
1216 3293 1327 3392 posuit

322 3439 459 3517 operam
476 3417 511 3492 in
526 3412 689 3512 Euripide
708 3416 904 3514 legendo&
919 3441 1009 3515 pene
1022 3417 1217 3528 edispendo.
1251 3423 1325 3498 Plri-

319 3543 448 3642 bsophi
463 3541 599 3640 quidem
620 3561 880 3640 praeceptorum
892 3545 1037 3620 rationes
1057 3565 1162 3645 atque
1176 3549 1326 3647 exempla

321 3693 369 3746 ex
384 3669 539 3745 Homero
554 3663 627 3740 fere
642 3663 682 3740 dt
694 3665 856 3763 Euripide
872 3673 1055 3767 petebant;
1079 3675 1172 3770 quod
1189 3699 1265 3750 cunr
1284 3697 1330 3752 ex

321 3795 462 3872 Platone
477 3809 587 3890 atque
612 3791 792 3868 Aristotele
813 3813 976 3890 apparet,
1000 3815 1074 3874 turn
1096 3799 1131 3875 in
1152 3801 1267 3898 primis
1285 3825 1331 3880 ex

324 3922 459 3999 Stoicis.
516 3919 610 3994 Nan
630 3915 787 4015 princeps
810 3919 882 4016 ejur
899 3919 1064 4016 familiae,
1096 3926 1331 4034 Cluyfippus,

322 4049 450 4132 nillum
478 4043 580 4154 sutile
598 4045 736 4148 &cujus
758 4049 921 4132 metuenti
946 4069 1169 4155 praeceptum
1184 4053 1333 4150 posuit,
