<?xml version="1.0" encoding="UTF-8"?>
<!DOCTYPE html PUBLIC "-//W3C//DTD XHTML 1.0 Transitional//EN"
    "http://www.w3.org/TR/xhtml1/DTD/xhtml1-transitional.dtd">
<html xmlns="http://www.w3.org/1999/xhtml" xml:lang="en" lang="en">
 <head>
  <title>
</title>
<meta http-equiv="Content-Type" content="text/html;charset=utf-8" />
  <meta name='ocr-system' content='tesseract 3.04.00' />
  <meta name='ocr-capabilities' content='ocr_page ocr_carea ocr_par ocr_line ocrx_word'/>
</head>
<body>
  <div class='ocr_page' id='page_1' title='image "./bibliothecacrit01wyttgoog_0105.png"; bbox 0 0 2986 5262; ppageno 0'>
   <div class='ocr_carea' id='block_1_1' title="bbox 528 493 1229 646">
    <p class='ocr_par' dir='ltr' id='par_1_1' title="bbox 528 493 1229 646">
     <span class='ocr_line' id='line_1_1' title="bbox 528 493 1229 646; baseline 0.009 -49.451"><span class='ocrx_word' id='word_1_1' title='bbox 528 493 730 646; x_wconf 69' lang='lat' dir='ltr'>ugnus</span> <span class='ocrx_word' id='word_1_2' title='bbox 758 495 1229 603; x_wconf 78' lang='lat' dir='ltr'>rarrnmnnrun</span> 
     </span>
    </p>
   </div>
   <div class='ocr_carea' id='block_1_2' title="bbox 277 657 1392 1444">
    <p class='ocr_par' dir='ltr' id='par_1_2' title="bbox 277 657 1391 1444">
     <span class='ocr_line' id='line_1_2' title="bbox 375 657 1391 844; baseline -0.003 -56"><span class='ocrx_word' id='word_1_3' title='bbox 375 657 541 844; x_wconf 62' lang='lat' dir='ltr'>krr&#39;blitt</span> <span class='ocrx_word' id='word_1_4' title='bbox 561 707 645 808; x_wconf 67' lang='lat' dir='ltr'>gel</span> <span class='ocrx_word' id='word_1_5' title='bbox 650 703 852 780; x_wconf 74' lang='lat' dir='ltr'>collationes</span> <span class='ocrx_word' id='word_1_6' title='bbox 877 703 959 780; x_wconf 87' lang='lat' dir='ltr'>inde</span> <span class='ocrx_word' id='word_1_7' title='bbox 982 725 1168 809; x_wconf 74' lang='lat' dir='ltr'>excerptor</span> <span class='ocrx_word' id='word_1_8' title='bbox 1182 709 1391 788; x_wconf 68' lang='lat' dir='ltr'>transmitte</span> 
     </span>
     <span class='ocr_line' id='line_1_3' title="bbox 355 821 1391 937; baseline -0.001 -23"><span class='ocrx_word' id='word_1_9' title='bbox 355 856 478 954; x_wconf 59' lang='grc' dir='ltr'>ισειιι.Ι</span> <span class='ocrx_word' id='word_1_10' title='bbox 487 821 801 937; x_wconf 76' lang='lat' dir='ltr'>Quiddoquidern</span> <span class='ocrx_word' id='word_1_11' title='bbox 821 849 906 908; x_wconf 88' lang='lat' dir='ltr'>vero</span> <span class='ocrx_word' id='word_1_12' title='bbox 920 833 962 908; x_wconf 92' lang='lat' dir='ltr'>ad</span> <span class='ocrx_word' id='word_1_13' title='bbox 978 835 1143 934; x_wconf 84' lang='lat' dir='ltr'>majorem</span> <span class='ocrx_word' id='word_1_14' title='bbox 1159 835 1259 932; x_wconf 79' lang='lat' dir='ltr'>buius</span> <span class='ocrx_word' id='word_1_15' title='bbox 1275 835 1391 934; x_wconf 81' lang='lat' dir='ltr'>opem</span> 
     </span>
     <span class='ocr_line' id='line_1_4' title="bbox 277 931 1390 1088; baseline -0.002 -50"><span class='ocrx_word' id='word_1_16' title='bbox 277 1051 296 1088; x_wconf 29' lang='grc' dir='ltr'><strong><em>μ</em></strong></span> <span class='ocrx_word' id='word_1_17' title='bbox 371 931 619 1072; x_wconf 71' lang='lat' dir='ltr'>praestantiam</span> <span class='ocrx_word' id='word_1_18' title='bbox 643 956 823 1034; x_wconf 84' lang='lat' dir='ltr'>videbatur</span> <span class='ocrx_word' id='word_1_19' title='bbox 847 958 1390 1059; x_wconf 71' lang='lat' dir='ltr'>omninoneceasalinm,nt01a</span> 
     </span>
     <span class='ocr_line' id='line_1_5' title="bbox 379 1084 1391 1208; baseline -0.002 -44"><span class='ocrx_word' id='word_1_20' title='bbox 379 1085 460 1208; x_wconf 79' lang='lat' dir='ltr'>timi</span> <span class='ocrx_word' id='word_1_21' title='bbox 478 1087 604 1188; x_wconf 88' lang='lat' dir='ltr'>quique</span> <span class='ocrx_word' id='word_1_22' title='bbox 618 1084 775 1180; x_wconf 77' lang='lat' dir='ltr'>codices,</span> <span class='ocrx_word' id='word_1_23' title='bbox 795 1087 875 1186; x_wconf 91' lang='lat' dir='ltr'>qui,</span> <span class='ocrx_word' id='word_1_24' title='bbox 890 1111 969 1166; x_wconf 85' lang='lat' dir='ltr'>curn</span> <span class='ocrx_word' id='word_1_25' title='bbox 989 1091 1025 1166; x_wconf 89' lang='lat' dir='ltr'>in</span> <span class='ocrx_word' id='word_1_26' title='bbox 1040 1084 1310 1164; x_wconf 79' lang='lat' dir='ltr'>celebratiassmit</span> <span class='ocrx_word' id='word_1_27' title='bbox 1323 1087 1391 1162; x_wconf 83' lang='lat' dir='ltr'>Eu·</span> 
     </span>
     <span class='ocr_line' id='line_1_6' title="bbox 379 1199 1392 1316; baseline -0.006 -22"><span class='ocrx_word' id='word_1_28' title='bbox 379 1199 488 1312; x_wconf 80' lang='lat' dir='ltr'>nopae</span> <span class='ocrx_word' id='word_1_29' title='bbox 510 1213 760 1303; x_wconf 78' lang='lat' dir='ltr'>bibliothecis,</span> <span class='ocrx_word' id='word_1_30' title='bbox 795 1233 868 1291; x_wconf 90' lang='lat' dir='ltr'>tum</span> <span class='ocrx_word' id='word_1_31' title='bbox 894 1214 930 1291; x_wconf 89' lang='lat' dir='ltr'>in</span> <span class='ocrx_word' id='word_1_32' title='bbox 955 1214 1136 1316; x_wconf 72' lang='lat' dir='ltr'>synagogis</span> <span class='ocrx_word' id='word_1_33' title='bbox 1158 1213 1392 1314; x_wconf 85' lang='lat' dir='ltr'>Judaeorum,</span> 
     </span>
     <span class='ocr_line' id='line_1_7' title="bbox 380 1317 1391 1444; baseline -0.008 -24"><span class='ocrx_word' id='word_1_34' title='bbox 380 1359 541 1444; x_wconf 69' lang='lat' dir='ltr'>tanquam</span> <span class='ocrx_word' id='word_1_35' title='bbox 566 1317 733 1432; x_wconf 60' lang='lat' dir='ltr'>aetalia</span> <span class='ocrx_word' id='word_1_36' title='bbox 757 1340 945 1440; x_wconf 79' lang='lat' dir='ltr'>quaedam,</span> <span class='ocrx_word' id='word_1_37' title='bbox 976 1329 1206 1433; x_wconf 78' lang='lat' dir='ltr'>asservantur,</span> <span class='ocrx_word' id='word_1_38' title='bbox 1231 1357 1391 1416; x_wconf 86' lang='lat' dir='ltr'>accurate</span> 
     </span>
    </p>
   </div>
   <div class='ocr_carea' id='block_1_3' title="bbox 377 1471 1393 1575">
    <p class='ocr_par' dir='ltr' id='par_1_3' title="bbox 377 1471 1393 1575">
     <span class='ocr_line' id='line_1_8' title="bbox 377 1471 1393 1575; baseline -0.01 -23"><span class='ocrx_word' id='word_1_39' title='bbox 377 1493 688 1575; x_wconf 74' lang='lat' dir='ltr'>cognoscetentur‚</span> <span class='ocrx_word' id='word_1_40' title='bbox 713 1491 782 1575; x_wconf 90' lang='lat' dir='ltr'>quo</span> <span class='ocrx_word' id='word_1_41' title='bbox 804 1476 926 1550; x_wconf 78' lang='lat' dir='ltr'>melius</span> <span class='ocrx_word' id='word_1_42' title='bbox 947 1475 1133 1549; x_wconf 82' lang='lat' dir='ltr'>decorum</span> <span class='ocrx_word' id='word_1_43' title='bbox 1159 1471 1273 1571; x_wconf 89' lang='lat' dir='ltr'>pretio</span> <span class='ocrx_word' id='word_1_44' title='bbox 1287 1489 1393 1570; x_wconf 85' lang='lat' dir='ltr'>atque</span> 
     </span>
    </p>
   </div>
   <div class='ocr_carea' id='block_1_4' title="bbox 203 1595 1391 1699">
    <p class='ocr_par' dir='ltr' id='par_1_4' title="bbox 203 1595 1391 1699">
     <span class='ocr_line' id='line_1_9' title="bbox 203 1595 1391 1699; baseline -0.008 -19"><span class='ocrx_word' id='word_1_45' title='bbox 203 1659 211 1680; x_wconf 89' lang='lat'><em>.</em></span> <span class='ocrx_word' id='word_1_46' title='bbox 376 1599 583 1676; x_wconf 66' lang='lat' dir='ltr'>auetoritate</span> <span class='ocrx_word' id='word_1_47' title='bbox 603 1597 689 1676; x_wconf 89' lang='lat' dir='ltr'>ferti</span> <span class='ocrx_word' id='word_1_48' title='bbox 710 1598 824 1699; x_wconf 79' lang='lat' dir='ltr'>posset</span> <span class='ocrx_word' id='word_1_49' title='bbox 835 1599 1024 1696; x_wconf 83' lang='lat' dir='ltr'>judicium,</span> <span class='ocrx_word' id='word_1_50' title='bbox 1049 1595 1123 1699; x_wconf 79' lang='lat' dir='ltr'>ip&#39;le</span> <span class='ocrx_word' id='word_1_51' title='bbox 1136 1598 1296 1698; x_wconf 84' lang='lat' dir='ltr'>q&#39;uidem,</span> <span class='ocrx_word' id='word_1_52' title='bbox 1322 1596 1391 1670; x_wconf 78' lang='lat' dir='ltr'>had</span> 
     </span>
    </p>
   </div>
   <div class='ocr_carea' id='block_1_5' title="bbox 304 1687 1393 2324">
    <p class='ocr_par' dir='ltr' id='par_1_5' title="bbox 304 1687 1393 2324">
     <span class='ocr_line' id='line_1_10' title="bbox 373 1687 1392 1816; baseline -0.003 -16"><span class='ocrx_word' id='word_1_53' title='bbox 373 1724 419 1800; x_wconf 92' lang='lat' dir='ltr'>de</span> <span class='ocrx_word' id='word_1_54' title='bbox 436 1687 572 1814; x_wconf 77' lang='lat' dir='ltr'>caussa,</span> <span class='ocrx_word' id='word_1_55' title='bbox 592 1701 718 1800; x_wconf 86' lang='lat' dir='ltr'>itinere</span> <span class='ocrx_word' id='word_1_56' title='bbox 737 1726 773 1811; x_wconf 87' lang='lat' dir='ltr'>in</span> <span class='ocrx_word' id='word_1_57' title='bbox 789 1726 933 1802; x_wconf 80' lang='lat' dir='ltr'>Galliam</span> <span class='ocrx_word' id='word_1_58' title='bbox 951 1723 1128 1816; x_wconf 86' lang='lat' dir='ltr'>instituto,</span> <span class='ocrx_word' id='word_1_59' title='bbox 1153 1711 1318 1800; x_wconf 82' lang='lat' dir='ltr'>Parilinos</span> <span class='ocrx_word' id='word_1_60' title='bbox 1333 1741 1392 1798; x_wconf 89' lang='lat' dir='ltr'>co·</span> 
     </span>
     <span class='ocr_line' id='line_1_11' title="bbox 377 1847 1392 1950; baseline 0.002 -26"><span class='ocrx_word' id='word_1_61' title='bbox 377 1848 474 1925; x_wconf 83' lang='lat' dir='ltr'>dices</span> <span class='ocrx_word' id='word_1_62' title='bbox 496 1847 683 1950; x_wconf 81' lang='lat' dir='ltr'>diligenter</span> <span class='ocrx_word' id='word_1_63' title='bbox 703 1849 862 1926; x_wconf 82' lang='lat' dir='ltr'>evolvit.</span> <span class='ocrx_word' id='word_1_64' title='bbox 896 1851 933 1928; x_wconf 90' lang='lat' dir='ltr'>in</span> <span class='ocrx_word' id='word_1_65' title='bbox 957 1852 1090 1928; x_wconf 88' lang='lat' dir='ltr'>ltaliam</span> <span class='ocrx_word' id='word_1_66' title='bbox 1110 1873 1217 1943; x_wconf 88' lang='lat' dir='ltr'>vero,</span> <span class='ocrx_word' id='word_1_67' title='bbox 1248 1849 1392 1929; x_wconf 75' lang='lat' dir='ltr'>Germe</span> 
     </span>
     <span class='ocr_line' id='line_1_12' title="bbox 372 1953 1392 2078; baseline -0.002 -26"><span class='ocrx_word' id='word_1_68' title='bbox 372 1977 487 2068; x_wconf 82' lang='lat' dir='ltr'>niam,</span> <span class='ocrx_word' id='word_1_69' title='bbox 512 1975 552 2053; x_wconf 74' lang='grc' dir='ltr'>ἀ</span> <span class='ocrx_word' id='word_1_70' title='bbox 572 1978 752 2076; x_wconf 78' lang='lat' dir='ltr'>Belgium,</span> <span class='ocrx_word' id='word_1_71' title='bbox 777 2001 836 2076; x_wconf 87' lang='lat' dir='ltr'>qur</span> <span class='ocrx_word' id='word_1_72' title='bbox 824 1953 951 2056; x_wconf 80' lang='lat' dir='ltr'>idern</span> <span class='ocrx_word' id='word_1_73' title='bbox 974 1995 1156 2077; x_wconf 83' lang='lat' dir='ltr'>perageret</span> <span class='ocrx_word' id='word_1_74' title='bbox 1170 1997 1283 2078; x_wconf 80' lang='lat' dir='ltr'>opus,</span> <span class='ocrx_word' id='word_1_75' title='bbox 1300 1975 1392 2052; x_wconf 80' lang='lat' dir='ltr'>mint</span> 
     </span>
     <span class='ocr_line' id='line_1_13' title="bbox 374 2097 1393 2200; baseline -0.001 -24"><span class='ocrx_word' id='word_1_76' title='bbox 374 2101 465 2177; x_wconf 84' lang='lat' dir='ltr'>Paul.</span> <span class='ocrx_word' id='word_1_77' title='bbox 482 2101 555 2195; x_wconf 88' lang='lat' dir='ltr'>Jac.</span> <span class='ocrx_word' id='word_1_78' title='bbox 571 2097 758 2172; x_wconf 87' lang='lat' dir='ltr'>Brunlium.</span> <span class='ocrx_word' id='word_1_79' title='bbox 795 2099 868 2200; x_wconf 81' lang='lat' dir='ltr'>Qui</span> <span class='ocrx_word' id='word_1_80' title='bbox 880 2101 1018 2198; x_wconf 83' lang='lat' dir='ltr'>quidem</span> <span class='ocrx_word' id='word_1_81' title='bbox 1033 2101 1107 2191; x_wconf 87' lang='lat' dir='ltr'>vir,</span> <span class='ocrx_word' id='word_1_82' title='bbox 1122 2123 1224 2191; x_wconf 87' lang='lat' dir='ltr'>cura,</span> <span class='ocrx_word' id='word_1_83' title='bbox 1243 2101 1393 2200; x_wconf 73' lang='lat' dir='ltr'>diligen·-</span> 
     </span>
     <span class='ocr_line' id='line_1_14' title="bbox 304 2209 1393 2324; baseline 0 -24"><span class='ocrx_word' id='word_1_84' title='bbox 304 2247 307 2252; x_wconf 90' lang='lat'>·</span> <span class='ocrx_word' id='word_1_85' title='bbox 375 2225 445 2316; x_wconf 88' lang='lat' dir='ltr'>tia,</span> <span class='ocrx_word' id='word_1_86' title='bbox 470 2209 693 2324; x_wconf 77' lang='lat' dir='ltr'>dodlrinaque</span> <span class='ocrx_word' id='word_1_87' title='bbox 711 2223 852 2315; x_wconf 88' lang='lat' dir='ltr'>effecit,</span> <span class='ocrx_word' id='word_1_88' title='bbox 877 2239 917 2298; x_wconf 89' lang='lat' dir='ltr'>ut</span> <span class='ocrx_word' id='word_1_89' title='bbox 937 2221 1033 2300; x_wconf 84' lang='lat' dir='ltr'>suum</span> <span class='ocrx_word' id='word_1_90' title='bbox 1047 2245 1183 2324; x_wconf 85' lang='lat' dir='ltr'>quoque</span> <span class='ocrx_word' id='word_1_91' title='bbox 1197 2241 1326 2300; x_wconf 88' lang='lat' dir='ltr'>nomen</span> <span class='ocrx_word' id='word_1_92' title='bbox 1347 2225 1393 2300; x_wconf 84' lang='lat' dir='ltr'>ad</span> 
     </span>
    </p>
   </div>
   <div class='ocr_carea' id='block_1_6' title="bbox 207 2345 1392 2577">
    <p class='ocr_par' dir='ltr' id='par_1_6' title="bbox 207 2345 1392 2577">
     <span class='ocr_line' id='line_1_15' title="bbox 207 2345 935 2452; baseline -0.004 -24"><span class='ocrx_word' id='word_1_93' title='bbox 207 2395 211 2418; x_wconf 85' lang='lat'><strong>·</strong></span> <span class='ocrx_word' id='word_1_94' title='bbox 374 2349 611 2452; x_wconf 81' lang='lat' dir='ltr'>posteritatem</span> <span class='ocrx_word' id='word_1_95' title='bbox 627 2345 935 2426; x_wconf 83' lang='lat' dir='ltr'>commendaretur.</span> 
     </span>
     <span class='ocr_line' id='line_1_16' title="bbox 258 2474 1392 2577; baseline -0.003 -19"><span class='ocrx_word' id='word_1_96' title='bbox 258 2490 261 2503; x_wconf 85' lang='grc'><strong>“</strong></span> <span class='ocrx_word' id='word_1_97' title='bbox 422 2476 591 2556; x_wconf 86' lang='lat' dir='ltr'>Absoluta</span> <span class='ocrx_word' id='word_1_98' title='bbox 614 2474 706 2550; x_wconf 84' lang='lat' dir='ltr'>intra</span> <span class='ocrx_word' id='word_1_99' title='bbox 728 2475 851 2552; x_wconf 78' lang='lat' dir='ltr'>decem</span> <span class='ocrx_word' id='word_1_100' title='bbox 874 2487 980 2552; x_wconf 79' lang='lat' dir='ltr'>aanor</span> <span class='ocrx_word' id='word_1_101' title='bbox 1004 2477 1198 2577; x_wconf 78' lang='lat' dir='ltr'>glavirssma</span> <span class='ocrx_word' id='word_1_102' title='bbox 1222 2479 1392 2556; x_wconf 61' lang='lat' dir='ltr'>molestie·</span> 
     </span>
    </p>
   </div>
   <div class='ocr_carea' id='block_1_7' title="bbox 275 2597 1397 3962">
    <p class='ocr_par' dir='ltr' id='par_1_7' title="bbox 275 2597 1397 3962">
     <span class='ocr_line' id='line_1_17' title="bbox 325 2597 1391 2702; baseline 0.001 -21"><span class='ocrx_word' id='word_1_103' title='bbox 325 2605 328 2612; x_wconf 77' lang='grc'><strong>’</strong></span> <span class='ocrx_word' id='word_1_104' title='bbox 373 2603 521 2702; x_wconf 83' lang='lat' dir='ltr'>nmaque</span> <span class='ocrx_word' id='word_1_105' title='bbox 535 2597 659 2676; x_wconf 76' lang='lat' dir='ltr'>laboris</span> <span class='ocrx_word' id='word_1_106' title='bbox 673 2617 792 2696; x_wconf 86' lang='lat' dir='ltr'>parte,</span> <span class='ocrx_word' id='word_1_107' title='bbox 807 2599 995 2678; x_wconf 81' lang='lat' dir='ltr'>biennium</span> <span class='ocrx_word' id='word_1_108' title='bbox 1008 2602 1179 2702; x_wconf 83' lang='lat' dir='ltr'>impendit</span> <span class='ocrx_word' id='word_1_109' title='bbox 1194 2607 1391 2684; x_wconf 85' lang='lat' dir='ltr'>examinan-</span> 
     </span>
     <span class='ocr_line' id='line_1_18' title="bbox 275 2723 1390 2847; baseline 0.005 -43"><span class='ocrx_word' id='word_1_110' title='bbox 275 2749 279 2766; x_wconf 88' lang='lat'>·</span> <span class='ocrx_word' id='word_1_111' title='bbox 373 2727 430 2806; x_wconf 84' lang='lat' dir='ltr'>dir</span> <span class='ocrx_word' id='word_1_112' title='bbox 463 2723 725 2847; x_wconf 70' lang='lat' dir='ltr'>ordinandisque</span> <span class='ocrx_word' id='word_1_113' title='bbox 757 2725 870 2826; x_wconf 78' lang='lat' dir='ltr'>copiis</span> <span class='ocrx_word' id='word_1_114' title='bbox 901 2727 956 2800; x_wconf 83' lang='lat' dir='ltr'>hlr</span> <span class='ocrx_word' id='word_1_115' title='bbox 991 2729 1140 2826; x_wconf 85' lang='lat' dir='ltr'>undique</span> <span class='ocrx_word' id='word_1_116' title='bbox 1178 2731 1390 2830; x_wconf 76' lang='lat' dir='ltr'>conquisitis.</span> 
     </span>
     <span class='ocr_line' id='line_1_19' title="bbox 374 2849 1390 2956; baseline 0.002 -27"><span class='ocrx_word' id='word_1_117' title='bbox 374 2853 480 2956; x_wconf 82' lang='lat' dir='ltr'>Quod</span> <span class='ocrx_word' id='word_1_118' title='bbox 503 2853 612 2951; x_wconf 86' lang='lat' dir='ltr'>ipsum</span> <span class='ocrx_word' id='word_1_119' title='bbox 633 2849 812 2946; x_wconf 86' lang='lat' dir='ltr'>negotium</span> <span class='ocrx_word' id='word_1_120' title='bbox 835 2869 874 2925; x_wconf 92' lang='lat' dir='ltr'>ut</span> <span class='ocrx_word' id='word_1_121' title='bbox 895 2853 938 2926; x_wconf 90' lang='lat' dir='ltr'>ab</span> <span class='ocrx_word' id='word_1_122' title='bbox 961 2852 1025 2945; x_wconf 81' lang='lat' dir='ltr'>iis,</span> <span class='ocrx_word' id='word_1_123' title='bbox 1050 2879 1134 2953; x_wconf 81' lang='lat' dir='ltr'>quos</span> <span class='ocrx_word' id='word_1_124' title='bbox 1147 2853 1208 2930; x_wconf 88' lang='lat' dir='ltr'>libi</span> <span class='ocrx_word' id='word_1_125' title='bbox 1226 2856 1261 2930; x_wconf 89' lang='lat' dir='ltr'>in</span> <span class='ocrx_word' id='word_1_126' title='bbox 1277 2879 1321 2930; x_wconf 90' lang='lat' dir='ltr'>eo</span> <span class='ocrx_word' id='word_1_127' title='bbox 1336 2860 1390 2932; x_wconf 89' lang='lat' dir='ltr'>so-</span> 
     </span>
     <span class='ocr_line' id='line_1_20' title="bbox 373 2973 1388 3073; baseline 0.005 -20"><span class='ocrx_word' id='word_1_128' title='bbox 373 2979 448 3054; x_wconf 85' lang='lat' dir='ltr'>eior</span> <span class='ocrx_word' id='word_1_129' title='bbox 470 2976 664 3073; x_wconf 88' lang='lat' dir='ltr'>delegerat,</span> <span class='ocrx_word' id='word_1_130' title='bbox 689 2973 1039 3071; x_wconf 80' lang='lat' dir='ltr'>citlus‘perliceretur</span> <span class='ocrx_word' id='word_1_131' title='bbox 1055 2975 1096 3052; x_wconf 77' lang='lat' dir='ltr'>dt</span> <span class='ocrx_word' id='word_1_132' title='bbox 1113 2981 1254 3073; x_wconf 82' lang='lat' dir='ltr'>melius,</span> <span class='ocrx_word' id='word_1_133' title='bbox 1278 2982 1388 3057; x_wconf 85' lang='lat' dir='ltr'>rursus</span> 
     </span>
     <span class='ocr_line' id='line_1_21' title="bbox 373 3095 1387 3195; baseline 0.004 -17"><span class='ocrx_word' id='word_1_134' title='bbox 373 3121 426 3178; x_wconf 76' lang='lat' dir='ltr'>eat</span> <span class='ocrx_word' id='word_1_135' title='bbox 448 3101 688 3178; x_wconf 88' lang='lat' dir='ltr'>Britannorum</span> <span class='ocrx_word' id='word_1_136' title='bbox 713 3095 917 3173; x_wconf 80' lang='lat' dir='ltr'>liberalitate</span> <span class='ocrx_word' id='word_1_137' title='bbox 938 3097 1122 3195; x_wconf 68' lang='lat' dir='ltr'>effeoum</span> <span class='ocrx_word' id='word_1_138' title='bbox 1150 3129 1230 3182; x_wconf 89' lang='lat' dir='ltr'>curn</span> <span class='ocrx_word' id='word_1_139' title='bbox 1245 3107 1387 3184; x_wconf 88' lang='lat' dir='ltr'>ducenti</span> 
     </span>
     <span class='ocr_line' id='line_1_22' title="bbox 372 3223 1385 3330; baseline 0.001 -25"><span class='ocrx_word' id='word_1_140' title='bbox 372 3229 483 3306; x_wconf 85' lang='lat' dir='ltr'>ierme</span> <span class='ocrx_word' id='word_1_141' title='bbox 507 3227 615 3302; x_wconf 74' lang='lat' dir='ltr'>essent</span> <span class='ocrx_word' id='word_1_142' title='bbox 628 3224 728 3322; x_wconf 78' lang='lat' dir='ltr'>hujus</span> <span class='ocrx_word' id='word_1_143' title='bbox 743 3223 858 3323; x_wconf 80' lang='lat' dir='ltr'>operit</span> <span class='ocrx_word' id='word_1_144' title='bbox 874 3223 1047 3320; x_wconf 80' lang='lat' dir='ltr'>iaotmes,</span> <span class='ocrx_word' id='word_1_145' title='bbox 1070 3227 1130 3328; x_wconf 86' lang='lat' dir='ltr'>qui</span> <span class='ocrx_word' id='word_1_146' title='bbox 1143 3229 1311 3330; x_wconf 74' lang='lat' dir='ltr'>insignem</span> <span class='ocrx_word' id='word_1_147' title='bbox 1326 3253 1385 3329; x_wconf 89' lang='lat' dir='ltr'>pe·</span> 
     </span>
     <span class='ocr_line' id='line_1_23' title="bbox 371 3345 1397 3448; baseline 0 -18"><span class='ocrx_word' id='word_1_148' title='bbox 371 3352 495 3430; x_wconf 85' lang='lat' dir='ltr'>cuniae</span> <span class='ocrx_word' id='word_1_149' title='bbox 510 3349 671 3428; x_wconf 84' lang='lat' dir='ltr'>summam</span> <span class='ocrx_word' id='word_1_150' title='bbox 686 3351 775 3426; x_wconf 88' lang='lat' dir='ltr'>hanc</span> <span class='ocrx_word' id='word_1_151' title='bbox 794 3349 831 3426; x_wconf 89' lang='lat' dir='ltr'>in</span> <span class='ocrx_word' id='word_1_152' title='bbox 848 3372 921 3426; x_wconf 88' lang='lat' dir='ltr'>rem</span> <span class='ocrx_word' id='word_1_153' title='bbox 935 3351 1029 3427; x_wconf 90' lang='lat' dir='ltr'>laute</span> <span class='ocrx_word' id='word_1_154' title='bbox 1041 3351 1253 3432; x_wconf 79' lang='lat' dir='ltr'>conferrent.</span> <span class='ocrx_word' id='word_1_155' title='bbox 1313 3367 1314 3372; x_wconf 70' lang='lat'>‘</span> <span class='ocrx_word' id='word_1_156' title='bbox 1333 3443 1335 3448; x_wconf 11' lang='lat' dir='ltr'>y</span> <span class='ocrx_word' id='word_1_157' title='bbox 1391 3345 1397 3362; x_wconf 83' lang='lat'>&#39;</span> 
     </span>
     <span class='ocr_line' id='line_1_24' title="bbox 308 3470 1382 3595; baseline 0.002 -39"><span class='ocrx_word' id='word_1_158' title='bbox 308 3580 311 3595; x_wconf 66' lang='lat'><em>„</em></span> <span class='ocrx_word' id='word_1_159' title='bbox 403 3470 558 3581; x_wconf 71' lang='lat' dir='ltr'>loque,</span> <span class='ocrx_word' id='word_1_160' title='bbox 589 3489 739 3554; x_wconf 84' lang='lat' dir='ltr'>exeunte</span> <span class='ocrx_word' id='word_1_161' title='bbox 759 3475 803 3550; x_wconf 82' lang='lat' dir='ltr'>A.</span> <span class='ocrx_word' id='word_1_162' title='bbox 832 3496 953 3572; x_wconf 79' lang='lat'>1772,</span> <span class='ocrx_word' id='word_1_163' title='bbox 971 3477 1058 3554; x_wconf 86' lang='lat' dir='ltr'>nlnil</span> <span class='ocrx_word' id='word_1_164' title='bbox 1085 3475 1250 3574; x_wconf 82' lang='lat' dir='ltr'>restabat,</span> <span class='ocrx_word' id='word_1_165' title='bbox 1283 3495 1382 3583; x_wconf 78' lang='lat' dir='ltr'>quant</span> 
     </span>
     <span class='ocr_line' id='line_1_25' title="bbox 305 3601 1381 3706; baseline -0.004 -21"><span class='ocrx_word' id='word_1_166' title='bbox 305 3609 307 3616; x_wconf 85' lang='grc'><strong>’</strong></span> <span class='ocrx_word' id='word_1_167' title='bbox 370 3627 410 3686; x_wconf 90' lang='lat' dir='ltr'>ut</span> <span class='ocrx_word' id='word_1_168' title='bbox 429 3605 584 3684; x_wconf 82' lang='lat' dir='ltr'>immenss</span> <span class='ocrx_word' id='word_1_169' title='bbox 610 3603 733 3682; x_wconf 84' lang='lat' dir='ltr'>laboris</span> <span class='ocrx_word' id='word_1_170' title='bbox 755 3601 884 3679; x_wconf 71' lang='lat' dir='ltr'>fruitus</span> <span class='ocrx_word' id='word_1_171' title='bbox 908 3601 1046 3680; x_wconf 74' lang='lat' dir='ltr'>tande·</span> <span class='ocrx_word' id='word_1_172' title='bbox 1066 3605 1105 3682; x_wconf 90' lang='lat' dir='ltr'>in</span> <span class='ocrx_word' id='word_1_173' title='bbox 1128 3605 1306 3706; x_wconf 86' lang='lat' dir='ltr'>publicum</span> <span class='ocrx_word' id='word_1_174' title='bbox 1329 3628 1381 3682; x_wconf 91' lang='lat' dir='ltr'>re·</span> 
     </span>
     <span class='ocr_line' id='line_1_26' title="bbox 369 3729 1382 3832; baseline -0.007 -19"><span class='ocrx_word' id='word_1_175' title='bbox 369 3733 568 3813; x_wconf 86' lang='lat' dir='ltr'>dundarent.</span> <span class='ocrx_word' id='word_1_176' title='bbox 601 3731 757 3808; x_wconf 86' lang='lat' dir='ltr'>Curanda</span> <span class='ocrx_word' id='word_1_177' title='bbox 772 3730 880 3832; x_wconf 85' lang='lat' dir='ltr'>igitur</span> <span class='ocrx_word' id='word_1_178' title='bbox 896 3751 970 3807; x_wconf 90' lang='lat' dir='ltr'>erat</span> <span class='ocrx_word' id='word_1_179' title='bbox 985 3729 1095 3810; x_wconf 89' lang='lat' dir='ltr'>editio</span> <span class='ocrx_word' id='word_1_180' title='bbox 1114 3730 1255 3811; x_wconf 79' lang='lat' dir='ltr'>Veteris</span> <span class='ocrx_word' id='word_1_181' title='bbox 1263 3731 1382 3810; x_wconf 77' lang='lat' dir='ltr'>Testa·</span> 
     </span>
     <span class='ocr_line' id='line_1_27' title="bbox 362 3857 1382 3962; baseline -0.008 -22"><span class='ocrx_word' id='word_1_182' title='bbox 362 3862 502 3956; x_wconf 85' lang='lat' dir='ltr'>menti,</span> <span class='ocrx_word' id='word_1_183' title='bbox 517 3881 605 3962; x_wconf 89' lang='lat' dir='ltr'>quae</span> <span class='ocrx_word' id='word_1_184' title='bbox 617 3861 797 3960; x_wconf 89' lang='lat' dir='ltr'>ingentem</span> <span class='ocrx_word' id='word_1_185' title='bbox 810 3860 905 3935; x_wconf 90' lang='lat' dir='ltr'>illum</span> <span class='ocrx_word' id='word_1_186' title='bbox 920 3857 1292 3937; x_wconf 77' lang='lat' dir='ltr'>variarumlodlionum</span> <span class='ocrx_word' id='word_1_187' title='bbox 1305 3859 1382 3934; x_wconf 88' lang='lat' dir='ltr'>tne-</span> 
     </span>
    </p>
   </div>
   <div class='ocr_carea' id='block_1_8' title="bbox 250 3971 1376 4082">
    <p class='ocr_par' dir='ltr' id='par_1_8' title="bbox 250 3971 1376 4082">
     <span class='ocr_line' id='line_1_28' title="bbox 250 3971 1376 4082; baseline -0.004 -18"><span class='ocrx_word' id='word_1_188' title='bbox 250 3971 256 4011; x_wconf 72' lang='lat'><em>³</em></span> <span class='ocrx_word' id='word_1_189' title='bbox 331 4009 336 4020; x_wconf 92' lang='lat'>·</span> <span class='ocrx_word' id='word_1_190' title='bbox 366 3987 501 4065; x_wconf 83' lang='lat' dir='ltr'>laurum</span> <span class='ocrx_word' id='word_1_191' title='bbox 521 3973 737 4082; x_wconf 86' lang='lat' dir='ltr'>recluderet,</span> <span class='ocrx_word' id='word_1_192' title='bbox 752 3985 802 4062; x_wconf 81' lang='lat' dir='ltr'>&#39;dr</span> <span class='ocrx_word' id='word_1_193' title='bbox 818 4008 863 4064; x_wconf 82' lang='lat' dir='ltr'>ex</span> <span class='ocrx_word' id='word_1_194' title='bbox 884 3985 1172 4064; x_wconf 86' lang='lat' dir='ltr'>bibliothecarum</span> <span class='ocrx_word' id='word_1_195' title='bbox 1188 3987 1329 4065; x_wconf 80' lang='lat' dir='ltr'>latebris</span> <span class='ocrx_word' id='word_1_196' title='bbox 1343 3985 1376 4062; x_wconf 91' lang='lat' dir='ltr'>in</span> 
     </span>
    </p>
   </div>
   <div class='ocr_carea' id='block_1_9' title="bbox 294 4109 1378 4314">
    <p class='ocr_par' dir='ltr' id='par_1_9' title="bbox 294 4109 1378 4314">
     <span class='ocr_line' id='line_1_29' title="bbox 294 4109 1377 4237; baseline -0.005 -46"><span class='ocrx_word' id='word_1_197' title='bbox 294 4189 303 4201; x_wconf 70' lang='grc'>,</span> <span class='ocrx_word' id='word_1_198' title='bbox 364 4115 479 4192; x_wconf 80' lang='lat' dir='ltr'>lucem</span> <span class='ocrx_word' id='word_1_199' title='bbox 501 4109 688 4237; x_wconf 79' lang='lat' dir='ltr'>proferret.</span> <span class='ocrx_word' id='word_1_200' title='bbox 727 4113 1062 4214; x_wconf 78' lang='lat' dir='ltr'>&#39;Cumqueadbanc</span> <span class='ocrx_word' id='word_1_201' title='bbox 1075 4111 1267 4202; x_wconf 81' lang='lat' dir='ltr'>editionem</span> <span class='ocrx_word' id='word_1_202' title='bbox 1280 4131 1377 4192; x_wconf 80' lang='lat' dir='ltr'>accu-</span> 
     </span>
     <span class='ocr_line' id='line_1_30' title="bbox 1309 4255 1378 4314; baseline -0.101 0"><span class='ocrx_word' id='word_1_203' title='bbox 1309 4255 1378 4314; x_wconf 86' lang='lat' dir='ltr'>rate</span> 
     </span>
    </p>
   </div>
   <div class='ocr_carea' id='block_1_10' title="bbox 0 0 1498 5262">
    <p class='ocr_par' dir='ltr' id='par_1_10' title="bbox 0 0 1498 5262">
     <span class='ocr_line' id='line_1_31' title="bbox 0 0 1498 5262; baseline 0 1"><span class='ocrx_word' id='word_1_204' title='bbox 0 0 1498 5262; x_wconf 95' lang='lat' dir='ltr'> </span> 
     </span>
    </p>
   </div>
  </div>
 </body>
</html>
