2964 5252
290 449 1006 580 orturusuusoultvrr·
1087 502 1147 608 a.
1232 579 1235 586 .

137 687 215 742 cum
232 661 317 736 male
331 659 473 755 feceris,
491 685 560 738 oon
576 661 640 740 tibi
651 680 703 734 est
718 659 959 752 recusandum,
978 677 1019 734 ut
1033 660 1144 748 vicis,

135 791 194 872 fim
211 788 279 888 ipse
294 788 380 864 malo
396 785 580 864 afficiaris?
605 786 677 866 Hei
692 783 785 876 mibi,
802 766 1140 886 inquitPolymestor,

133 915 263 996 adeone
282 912 452 987 infelicem
467 933 521 986 me
537 911 627 1004 fieri,
652 931 692 986 ut
708 911 810 986 etiam
825 935 844 984 a
859 910 997 988 muliere
1006 897 1138 1010 judicio

53 1035 61 1048 '
133 1040 270 1130 vinear,
287 1037 385 1136 eique
399 1037 575 1112 ludibrium
592 1037 751 1116 debeam!
772 1095 797 1130 „
814 1039 1006 1138 Sequuntur
1021 1033 1142 1116 alterni

131 1163 274 1254 versus,
309 1163 428 1258 quibus
459 1163 665 1262 Polyrnellor
692 1165 731 1242 dt
757 1165 903 1240 Hecuba
923 1162 1018 1235 suum
1040 1138 1142 1236 alteri

130 1286 256 1365 crimen
282 1291 496 1388 exprobrant.
535 1289 594 1363 Ille
615 1291 698 1368 mala
720 1289 834 1364 futura
854 1285 1034 1386 praedicit:
1061 1288 1137 1361 He·

128 1416 249 1488 cubam
274 1433 413 1512 propter
432 1415 696 1492 maledicentiam
712 1417 746 1493 in
762 1437 878 1491 canem
891 1429 1060 1488 mutatum
1076 1408 1138 1497 iri,

127 1538 377 1636 Agamemnoni
401 1537 657 1617 &Cassandrae
681 1567 700 1617 a
719 1539 979 1645 Clytaemnestra
996 1535 1135 1611 caedem
1249 1533 1254 1541 “

126 1663 198 1736 esse
227 1681 386 1762 paratam.
436 1662 491 1735 Fit
520 1664 587 1744 hoc
610 1690 654 1772 ex
678 1687 834 1745 veterum
859 1665 1046 1764 opinione,
1078 1659 1137 1759 qui

126 1786 317 1868 homiuibus
342 1789 397 1864 vel
414 1789 653 1882 morientibus,
678 1793 734 1868 vel
749 1792 857 1866 atroci
873 1789 1059 1870 calamitate
1076 1813 1138 1885 op·

126 1913 264 2013 pressrs,
285 1911 490 1990 vaticinandi
505 1915 576 1990 vim
591 1915 792 1996 tribuebant.
817 1895 1072 2018 ¹Agamemnon,
1096 1927 1136 1986 ut

126 2041 231 2117 finem
263 2039 390 2122 faceret
411 2041 646 2146 Polymestoris
669 2046 964 2135 execrationibus,
982 2063 1077 2143 eum
1098 2035 1134 2107 in

126 2161 295 2256 desertam
315 2166 450 2244 insulam
475 2169 644 2270 deportari
662 2173 779 2270 jubet:
808 2169 966 2266 Trojanis
987 2157 1133 2274 mulieri·

24 2307 27 2312 ·
126 2289 189 2364 bus
222 2291 411 2396 praecipit,
449 2311 489 2368 ut
520 2295 562 2368 ad
586 2296 832 2392 profectionem
863 2293 897 2366 se
927 2288 1135 2387 amingum

123 2437 267 2490 ventum
284 2420 373 2502 enim
394 2419 472 2494 oriri
490 2419 702 2496 secundumz·
718 2419 842 2510 &ipse
858 2415 938 2522 abit.

173 2543 292 2618 Habet
316 2545 453 2622 omnino
467 2546 552 2611 haec
568 2539 679 2612 fabula
693 2537 893 2634 multiplices
909 2535 1007 2610 dotes
1024 2533 1066 2608 ad
1081 2535 1131 2606 fa·

123 2670 281 2740 ciendum
298 2681 460 2744 terrorem
476 2659 515 2736 dc
532 2661 824 2738 commiserationis
839 2661 1021 2750 affectum,
1046 2679 1133 2754 quae

123 2790 260 2888 quidem
292 2811 407 2864 omnes
438 2783 592 2860 universa
611 2787 675 2862 hac
698 2791 887 2888 argumenti
908 2787 1132 2887 descriptione

123 2913 219 2988 reddi
250 2913 468 3012 exhiberique
494 2937 563 2989 non
586 2933 781 3012 potuerunt.
832 2916 902 3024 Qui
925 2893 1020 2992 usum
1044 2908 1132 2988 anti·

124 3037 262 3136 quitatis
277 3039 422 3132 habent,
446 3038 493 3116 nil
507 3037 541 3115 in
557 3065 596 3122 ea
611 3041 800 3138 reperient,
826 3041 918 3142 quod
933 3042 975 3114 ab
989 3059 1129 3128 eorum,

122 3163 180 3262 qui
204 3166 238 3239 in
261 3187 301 3240 ea
321 3166 415 3257 sunt,
439 3165 613 3274 hominurn
636 3169 783 3244 moribus
801 3168 840 3246 dc
854 3169 896 3244 ab
911 3167 982 3264 ejus
997 3183 1131 3262 tempo-

122 3289 166 3363 ris
192 3291 328 3389 ingenio
351 3293 537 3371 abhorreat.
585 3295 655 3404 Qui
675 3317 761 3370 vero
782 3317 856 3370 eam
879 3294 927 3369 ita
948 3291 1129 3391 reprehen-

124 3411 235 3507 dunt,
268 3435 308 3499 ut
332 3417 470 3496 unitatis
493 3423 602 3520 legem
624 3443 692 3496 non
715 3421 878 3497 servatam
900 3420 970 3497 esse
990 3416 1126 3507 dicant,

121 3539 254 3631 acutius
287 3565 386 3640 quam
409 3545 522 3622 verius
544 3571 644 3648 agere
665 3547 836 3628 videntur.
887 3551 1048 3646 Suprema
1072 3535 1128 3617 leit
1204 3523 1209 3536 ’

118 3687 174 3739 est
198 3667 500 3748 verisrmilitudinis.
548 3677 603 3749 Ita
624 3693 693 3748 tres
709 3673 802 3751 casus
823 3673 999 3773 conjunxit
1017 3663 1127 3746 conti·

119 3795 306 3894 nuavitque
326 3815 448 3895 poeta,
472 3817 513 3875 ut
536 3799 582 3877 nil
604 3799 783 3902 quidquam
804 3800 950 3901 tragicae
966 3791 1125 3876 verrunt

118 3915 269 3996 litudinis
287 3923 478 4021 negleblum
494 3926 661 4005 videatur.
675 3987 692 4000 ..
715 3999 717 4004 .

7 4030 10 4044 ¹
114 4085 122 4128 t
166 4044 234 4126 Sed
256 4045 291 4128 iu
310 4051 429 4134 uumo
449 4052 553 4156 hujus
567 4051 700 4140 fabulae
714 4056 813 4152 astu,
837 4056 901 4138 hae
918 4050 1014 4156 nobis
1028 4069 1122 4154 cqua-

564 4182 640 4273 Cs
682 4160 693 4260 f
771 4169 775 4172 ’
992 4199 1122 4278 tuerno-⁴
