2904 5248
140 448 143 463 ’
272 435 918 595 ‘'n'nrcrrrurnrou,
1055 519 1130 592 ιη.

118 705 222 807 bria,
254 700 475 812 praesertim,
495 714 537 786 iis
561 713 619 810 qui
652 682 1010 797 A'arturnpuuiuaru
1057 700 1131 764 VO.-

89 837 264 910 ¹cantur,
299 817 555 915 conscripsisset.
618 819 806 914 Denique,
841 821 875 888 ui
898 816 960 888 alia
983 816 1132 928 omitia-¹
1269 860 1273 868 .

118 972 225 1036 mus,
255 943 406 1042 ejusdem
427 942 621 1018 imitatione
654 947 806 1020 libellum
844 942 887 1015 de
919 931 1121 1020 Venerione

117 1071 253 1161 edidit,
279 1071 400 1167 inquo
420 1067 541 1165 seipse
555 1071 643 1147 adeo
656 1071 832 1168 juniorem
848 1068 1120 1165 Xenophontem

111 1195 319 1270 nominavit.
544 1193 546 1198 ’
577 1171 586 1192 ’
678 1283 679 1288 Ν
852 1264 858 1278 ,
893 1254 897 1262 ,

164 1321 233 1396 Sed
267 1323 359 1419 quod
390 1323 434 1396 de
462 1321 662 1398 Enehitidio
694 1323 870 1416 diximus,
896 1327 969 1422 ejus
999 1323 1126 1400 audior·

112 1446 207 1530 idem
230 1465 281 1524 ert
298 1449 472 1526 Arrianus.
498 1449 594 1524 Narn
621 1449 759 1526 deleuit
790 1474 834 1524 ex
863 1450 992 1544 majore
1012 1469 1119 1546 opere

107 1575 411 1694 dissertationurn,
443 1573 518 1676 seu,
553 1574 741 1654 scholarum
766 1577 944 1676 Epidteti,
976 1599 1118 1675 quarum

109 1701 154 1776 ad
184 1725 245 1776 noa
267 1719 496 1798 pervenerunt
519 1701 597 1778 libri
623 1726 786 1800 quatuor,
814 1703 956 1800 optimis
978 1702 1122 1797 quibua.
1228 1751 1235 1758 -

110 1845 179 1937 que
194 1848 236 1900 ac
250 1823 399 1900 maxime
414 1825 599 1924 perspicuis
617 1831 810 1926 praeceptis
820 1885 831 1922 ,
856 1853 999 1927 parvom
1018 1826 1116 1902 libel·

106 1953 180 2028 lurn
204 1951 452 2028 'concinnavit
502 1954 549 2026 Et
587 1954 813 2034 Enchitidion
854 1956 1008 2054 quidem,
1031 1954 1114 2043 seu,

103 2081 300 2168 Manuale,
327 2099 404 2152 euin
430 2079 601 2170 vocavit,
625 2084 717 2180 q'uod
739 2076 881 2178 propter
907 2081 1114 2155 brevitatem

104 2225 206 2304 atque
224 2203 406 2282 utilitatem
414 2203 546 2304 semper
564 2205 601 2322 i¹¹
615 2223 753 2301 promtu
768 2201 861 2298 esse,
872 2228 913 2284 ac
929 2203 1053 2302 gestari
1070 2202 1109 2280 in

104 2329 279 2419 manibus,
293 2329 332 2406 dc
348 2332 478 2430 posset,
496 2331 534 2408 dr
555 2331 707 2406 deberet.
730 2333 884 2424 Omnino
901 2327 1039 2404 virtutis
1055 2325 1109 2405 fe·

102 2458 312 2556 licitatisque
337 2457 423 2532 ratio
444 2479 515 2535 tam
539 2462 629 2535 clare
649 2478 785 2550 tamque
800 2453 980 2550 perspicue
997 2453 1035 2520 in
1062 2471 1107 2520 eo
1148 2465 1150 2473 ’

100 2583 308 2684 exponitur,
336 2601 372 2654 ut
397 2583 525 2658 nullum
546 2581 588 2650 fit
611 2579 723 2667 vitae,
749 2575 977 2661 conditionis,
1002 2569 1108 2646 studi-

98 2731 266 2802 orumque
286 2727 413 2800 genus,
439 2701 481 2776 ad
499 2703 590 2798 quod
606 2703 663 2778 ille
679 2703 807 2778 libellus
826 2727 894 2778 non
910 2723 1107 2778 accommo·
1200 2777 1203 2784 ,

99 2831 197 2905 datus
215 2827 382 2902 videatur.
431 2827 550 2930 Quare
564 2830 772 2924 minimeest
788 2829 1002 2919 mirandum,
1027 2849 1108 2906 euni

99 2979 170 3032 non
195 2955 301 3028 solum
328 2959 370 3030 ab
392 2953 531 3031 aliarum
556 2957 719 3034 serrarum
737 2953 970 3056 pbilosophis,
997 2952 1057 3026 sed
1082 2975 1104 3036 a

100 3077 301 3155 Christianis
319 3079 424 3154 etiarn
440 3081 660 3174 dodioribus,
677 3085 713 3160 in
732 3104 858 3183 magno
876 3081 989 3182 pretio
1004 3079 1101 3156 habi·
1187 3133 1189 3140 ,

97 3225 173 3282 turn
194 3201 308 3280 fuisse.
360 3204 405 3278 Et
423 3227 466 3284 err
484 3207 538 3282 his
553 3208 691 3306 quidem
708 3213 900 3307 complures
917 3207 1100 3305 paraphra-

94 3335 196 3424 stae,
222 3355 367 3428 quorum
394 3357 478 3410 unus
502 3333 612 3409 editus
632 3349 703 3421 est,
731 3335 790 3412 alli
813 3335 849 3408 in
876 3331 1100 3410 bibliothecis

92 3463 289 3548 servantur,
316 3482 394 3534 euni
424 3457 466 3530 ad
490 3457 700 3536 Christianae
721 3459 895 3538 doetrinae
916 3460 1097 3534 formulam

96 3605 326 3661 revocarunt:
344 3582 383 3656 dr
402 3587 450 3656 St.
468 3582 703 3684 Nilusllbbas
724 3589 951 3664 Euchiridion
961 3585 1032 3681 ipse
1047 3585 1096 3660 itu

92 3697 1095 3810 conscriplrtnuEpidetumadpurioremdotlrinarnrefin·

90 3857 203 3937 geret.
226 3842 333 3910 Sento
348 3837 1092 3934 seculoSimpliciusluculentissimoenmex·¹
1164 3827 1171 3836 ¹

86 3961 214 4062 plicuit
229 3965 476 4050 commentario
488 4025 495 4049 ,
507 3966 544 4044 in
560 3991 628 4064 quo
644 3990 820 4064 perperam
829 3969 981 4044 nonnulli
989 3967 1090 4044 Chri-

85 4081 217 4172 stiriae
233 4089 411 4194 religionis
426 4093 569 4192 uestigia
584 4092 918 4196 deprehendissesrbi
929 4091 1089 4170 uifisunta
1107 4089 1110 4097 ’
1209 4185 1212 4190 Ι

245 4226 249 4236 ’
613 4219 698 4316 113
1001 4217 1096 4322 Quin
