2956 5268
211 565 213 574 ,
368 467 442 557 aaa
519 421 1218 564 orornnnnnro-nnvtplt

255 665 257 690 ¹
364 640 444 718 dero
459 634 533 712 erl'e
548 633 653 712 dicat.
697 632 776 710 Nor
791 621 929 734 quidem
942 659 1013 717 non
1028 637 1200 734 sumuaii,
1226 639 1285 739 qni
1298 658 1377 719 orae

364 763 539 856 tionibur,
563 785 645 860 quaa
668 758 853 858 Dionysius
874 760 1038 841 historiae
1058 764 1283 864 interposuit,
1307 771 1377 844 elo·

367 888 529 990 quentiae
550 885 683 962 laudem
703 887 939 980 detrahamur,
967 909 1024 968 aut
1045 889 1323 978 Demosthencm
1335 879 1398 970 ala'

368 1014 521 1095 Aristide
539 1011 690 1089 feliciter
712 1013 908 1114 expressum
931 1015 1003 1091 erse
1026 1039 1204 1118 negemus.
1243 1023 1379 1098 Verum

368 1163 484 1224 tamen
499 1159 659 1239 uterque,
677 1135 791 1214 nostra
805 1138 994 1237 sententia,
1013 1165 1093 1220 curn
1107 1145 1272 1246 Longino
1284 1169 1382 1224 oom-

368 1291 523 1374 paratur,
543 1268 646 1365 jacet
687 1263 825 1368 Quanta
841 1265 955 1360 enim,
973 1292 1075 1368 quam
1094 1269 1308 1348 incredibilia
1328 1271 1384 1348 vit

370 1390 508 1474 dicendi
538 1411 593 1466 ex,
609 1391 724 1468 libello
747 1394 785 1468 dr
798 1393 886 1493 sall
913 1394 1053 1470 clucet?
1083 1397 1248 1492 Proseilo
1270 1399 1383 1478 nullut

367 1533 531 1616 nmquam·
548 1515 745 1594 Rhetorum
765 1515 804 1594 cit
819 1519 1055 1617 Sophistarum
1069 1542 1128 1600 aut
1142 1519 1309 1624 scriplit,
1325 1545 1383 1602 aut

367 1645 670 1743 scribete'potuit,
684 1643 813 1744 aliquid
828 1643 993 1725 unatim
1027 1649 1127 1724 Unur
1141 1651 1326 1750 Longinua
1343 1673 1383 1728 er

366 1771 525 1850 omnibns
550 1769 695 1858 Graecis
716 1769 907 1871 magistris,
939 1771 976 1848 id
998 1773 1093 1872 quod
1118 1775 1328 1864 Ciceronem
1349 1777 1385 1854 in

362 1899 459 2001 libris
481 1895 683 1974 Rhetoricis
708 1895 833 1976 fecisse
855 1895 1010 1992 constat,
1037 1899 1130 2006 quod
1154 1900 1229 1977 aliis
1248 1903 1385 2009 praeci·

364 2025 438 2127 pit,
462 2023 536 2122 ipse
558 2023 596 2098 in
617 2021 801 2098 scribendo
816 2023 984 2120 praestat,
1010 2047 1076 2100 nec
1090 2027 1203 2130 minua
1219 2029 1385 2128 eloquen·

291 2201 294 2217 ,
365 2151 437 2230 tiae
455 2145 664 2251 praeceptis,
679 2169 780 2252 quam
795 2149 957 2246 exemplo
973 2147 1046 2241 suo,
1063 2148 1151 2226 facit
1168 2155 1386 2254 eloquentea

363 2282 406 2356 In
419 2272 580 2354 docendo
593 2273 767 2373 quomodo
781 2273 829 2352 ad
837 2273 884 2383 iri,
893 2273 985 2372 quod
1000 2273 1038 2350 in
1054 2279 1387 2382 orationemagnifi·

362 2427 443 2496 curn
457 2419 531 2495 est,
546 2399 791 2500 perveniatur,
813 2399 952 2500 grandir
969 2419 1021 2476 ert
1037 2425 1079 2478 ac
1092 2427 1203 2501 paene
1218 2407 1395 2508 tragicus¹¹

362 2531 404 2606 In
412 2525 688 2620 translationibus
700 2544 739 2602 ut
751 2520 904 2604 feliciter
919 2527 1041 2620 audax,
1059 2527 1098 2606 oc
1108 2533 1257 2610 maxime
1265 2535 1395 2611 fimilir

209 2645 211 2651 ¹
361 2651 566 2748 Plutarcho,
590 2651 637 2730 lic
653 2649 797 2728 fortasse
812 2651 937 2729 nimius
951 2654 989 2730 in
1006 2657 1072 2732 illis
1088 2658 1302 2734 cumulandis
1318 2681 1399 2736 nec

362 2780 444 2872 itur
466 2777 681 2880 consentient
700 2779 895 2878 praeceptis
916 2779 994 2858 suis.
1042 2781 1096 2857 Ex
1120 2783 1269 2882 antiquit
1295 2785 1394 2885 illis,

362 2924 503 3008 praeter
522 2902 680 2992 ceteros,
704 2903 885 2981 Platonem
910 2903 950 2981 δι
971 2905 1245 2984 Demosthenem
1266 2905 1393 2986 imita·

365 3053 434 3114 tur.
479 3031 520 3108 ln
533 3028 663 3131 'quibua
681 3011 858 3130 legendis,
883 3028 908 3106 fi
932 3029 1151 3108 venustatem
1163 3034 1236 3134 ejus
1252 3033 1390 3112 sentire

319 3201 321 3210 ι
363 3161 463 3249 ielis,
482 3177 519 3232 te
532 3159 678 3234 multum
691 3155 858 3256 temporit
872 3157 1073 3235 contrivisse
1088 3165 1239 3258 oportet.
1282 3162 1389 3238 Prac-

365 3306 419 3362 ter
427 3285 595 3361 Graecam
608 3281 647 3361 o
657 3282 830 3385 Syriacam
840 3283 1011 3386 linguam,
1026 3307 1204 3387 utramque
1216 3311 1395 3365 vernacue

365 3411 453 3502 lam,
484 3411 601 3487 calluit
624 3409 734 3518 etiarn
753 3407 931 3505 Latinam,
955 3431 993 3487 ut
1016 3436 1087 3490 non
1109 3415 1217 3491 solunt
1236 3411 1286 3492 ⁴ert
1303 3413 1391 3490 De·

364 3535 553 3619 mosthenia
573 3533 613 3614 ἃ
630 3537 813 3642 Ciceronir
825 3539 1084 3640 comparatione
1098 3541 1138 3617 da
1147 3537 1279 3643 sublim.
1298 3537 1391 3618 sest

360 3676 437 3754 '123
462 3662 522 3739 sed
538 3665 705 3741 etiamen
723 3663 994 3774 Scinasintelligi
1012 3662 1096 3739 licet
1107 3644 1141 3750 ’ἶ
1158 3699 1183 3772 Ι·

362 3826 364 3834 ·
417 3793 496 3891 Jatn
510 3805 585 3866 tota
593 3766 796 3896 Ditscriatio
810 3791 911 3890 plena
921 3771 1395 3888 eitexquifitisfimadotrri·

363 3939 421 4008 na,
437 3941 505 3994 nec
518 3936 650 3994 tanturn
665 3893 810 3994 aliorum
823 3915 896 4018 ejus
911 3915 1031 3989 aetatis
1045 3918 1214 3994 clarorum
1228 3919 1396 3995 virorum

362 4055 418 4120 rer
437 4041 661 4140 illustrantur,
673 4045 783 4122 ¹velut
808 4040 1187 4146 Plotini,·Porplryrii;
1208 4045 1274 4123 led
1292 4045 1398 4124 haud

444 4188 455 4214 2
856 4197 875 4224 ,,
1298 4195 1393 4272 pau,
