2904 5248
399 473 475 587 (ψ
628 435 1219 562 nrs'sn'nrnrto'

741 753 793 818 n
866 696 957 788 vlt.
1043 651 1046 660 ’

405 968 607 1086 Dtffirtat‘
595 995 626 1050 ro
674 961 716 1046 de
756 933 929 1047 Bebrio,
970 947 1190 1034 Fabularum
1233 949 1302 1032 A
1289 949 1344 1056 s
1280 938 1415 1066 peu

459 1139 542 1196 rum
573 1111 785 1222 Scriptura
825 1095 1045 1206 Inserantur
1065 1089 1225 1175 Fabulae
1243 1066 1417 1202 quaedum

333 1325 335 1332 s
459 1250 637 1360 Atfinpena
677 1267 771 1352 namq
773 1267 857 1322 uam
892 1237 1040 1318 antehae
1078 1230 1218 1328 editae,
1252 1255 1303 1311 ex
1336 1227 1418 1347 Cos

366 1470 377 1512 a
458 1391 537 1499 Mfi
570 1385 782 1496 Bodsejam(
833 1374 1017 1460 Accedunt
1040 1371 1182 1473 &Boaris
1213 1339 1418 1478 Frugmn

368 1523 377 1578 ²
402 1551 406 1558 '
460 1551 514 1619 ta.
573 1525 743 1614 Lonrtni.
784 1523 902 1626 1776·
937 1521 976 1599 8·

403 1781 552 1922 Brevis
578 1829 629 1886 cst
652 1809 754 1884 hicce
778 1751 930 1894 libellus,
953 1801 1080 1900 quippe
1099 1799 1156 1898 qui
1176 1795 1265 1899 oe'to
1284 1797 1326 1874 dt
1340 1825 1393 1898 pn

246 1934 249 1952 '
373 1924 378 1935 ¹
404 1937 559 2046 draginta
578 1957 711 2013 tantum
728 1933 864 2032 paginis
883 1925 1034 2020 constet,
1058 1925 1114 2001 sed
1129 1929 1256 2024 plenus
1281 1928 1392 2024 elegen·

402 2072 446 2140 tis
471 2083 716 2158 accurataeque
740 2055 929 2132 doetrinae.
981 2054 1062 2149 Ejus
1085 2055 1248 2152 exempia
1276 2051 1392 2126 cunr&

401 2188 610 2285 pancasius,
635 2183 673 2257 &
698 2183 734 2254 in
758 2203 945 2278 paucorum
967 2203 1084 2254 manus
1108 2183 1252 2256 venisse
1278 2179 1392 2254 videar

262 2313 267 2318 ’
399 2328 477 2402 tar,
503 2312 671 2402 credimus
696 2333 740 2382 eo
749 2307 989 2406 jocundiorem
1004 2305 1082 2380 sore
1104 2307 1179 2383 aliis
1201 2306 1393 2382 nostramde

374 2465 444 2516 ,eo
475 2441 570 2512 relat'
546 2457 687 2521 tionem.
739 2438 893 2534 Cumque
922 2431 1038 2508 aueior
1063 2435 1134 2534 ipsc
1164 2459 1302 2512 nomen
1323 2437 1393 2511 saun

398 2591 469 2644 non
494 2563 706 2680 prodiderit,
731 2561 920 2687 nolumps
910 2561 1060 2658 ignorari
1085 2563 1127 2634 ab
1153 2559 1396 2642 literarumnu

398 2671 540 2768 stratum
571 2687 822 2778 amantibus‚·
817 2711 921 2762 cum
950 2685 1020 2761 esse
1044 2675 1223 2766 Thoinam
1246 2692 1397 2768 Thimis-

265 2831 268 2838 '
399 2840 498 2910 tum,
524 2843 617 2914 cujus
632 2817 722 2892 alra
707 2839 778 2912 Jam
794 2831 934 2904 extant,
960 2835 1066 2911 eaque
1082 2837 1252 2915 egregia,
1268 2819 1398 2916 ingeni

398 2944 640 3038 dominaeque
663 2940 869 3036 specimina,
895 2939 1003 3012 veluti
1022 2941 1299 3018 Emendationes
1323 2948 1404 3043 adje-

398 3073 475 3146 ctae
500 3067 696 3168 Musgravii
718 3069 767 3144 V.
787 3069 836 3144 Cl.
858 3065 1175 3170 Exercitationibus
1191 3069 1410 3168 Euripiden,

398 3198 654 3296 &fragmenta
684 3191 854 3270 Plutarchi
887 3191 1083 3289 quaedam,
1118 3192 1212 3270 edita
1234 3215 1323 3268 aute
1351 3199 1413 3272 hot

399 3325 546 3422 quinque
586 3345 690 3395 annos
718 3318 881 3397 Londini.
938 3313 1049 3396 Nunc¹
1086 3319 1132 3396 de
1168 3321 1414 3401 recentissimo

398 3451 509 3526 hocce
533 3448 604 3546 cJus
621 3467 726 3546 opere
746 3469 968 3544 exponamus.

445 3577 658 3676 Quamquam
681 3569 810 3668 Aesopi
833 3571 922 3646 haud
945 3597 1074 3672 paucae
1096 3573 1230 3654 fabulae
1247 3576 1303 3648 ab.
1333 3577 1418 3652 aori

397 3699 560 3802 quissrmis
599 3698 819 3795 scriptoribus
863 3723 1194 3792 commemorentur,
1228 3702 1348 3778 vetut
1384 3707 1420 3777 ab

395 3823 645 3918 Aristophane,
671 3826 832 3914 Platone,
858 3824 1063 3919 Aristotele,
1088 3849 1308 3908 nontamen
1342 3859 1425 3908 con

396 3955 485 4046 stat,
509 3971 621 4028 utrum
639 3954 681 4026 ab
696 3953 769 4052 ipso
780 3953 917 4056 Aesopo
938 3955 1044 4030 literis
1060 3957 1239 4033 mandatae
1266 3959 1379 4054 sint,
1393 3985 1428 4036 au

395 4101 481 4160 reto
502 4077 710 4158 sermonibus
733 4083 901 4198 diesisque
929 4083 1076 4220 sparsae,
1102 4083 1144 4159 ab
1167 4083 1247 4162 aliis
1272 4087 1428 4163 demon

1354 4213 1426 4289 coi
