2938 5246
287 299 1147 418 120‚1.Jo.scnnnnnnr

290 485 341 566 bis
375 475 559 574 formisque
586 474 853 572 exquisitioribur
886 475 925 551 ἃ
953 477 1093 552 remotis
1126 502 1150 552 a
1181 474 1321 576 vulgari

288 601 542 688 consuetudine.
594 603 687 676 Nam
710 595 810 675 habet
828 599 963 696 quidem
983 623 1057 675 eam
1077 605 1154 678 vim
1179 603 1320 678 Latini·

289 755 363 823 us,
387 745 429 804 ut
449 725 517 804 stne
538 723 609 822 ejus
623 721 760 800 scientia
779 748 882 802 nemo
896 727 1221 828 ‹prirquam'lntine
1235 727 1320 801 scri·

297 861 379 940 bere
398 851 529 952 possit,
561 871 671 946 neque
704 865 789 924 vero
820 871 975 946 tantam,
1009 873 1050 928 ut
1074 855 1150 952 ejus
1172 849 1324 926 scientia

295 983 371 1084 quio
395 973 565 1080 praeditur
589 975 677 1052 bene
701 975 867 1054 continuo
895 977 1018 1054 latine
1038 979 1173 1054 scribat.
1226 977 1324 1084 Quis

296 1106 418 1197 enirn,
449 1118 489 1180 ut
512 1101 578 1178 hoc
610 1119 772 1193 utamur,
805 1101 969 1196 dubitet,
1004 1103 1086 1204 quin
1115 1101 1311 1200 Hegefias,

297 1227 359 1336 qni
378 1233 421 1308 ab
446 1229 564 1330 inepto
590 1225 724 1305 dicendi
746 1249 872 1328 genere
891 1229 1125 1330 vituperatur,
1156 1227 1315 1301 oratione

304 1359 464 1448 Graecas
481 1374 601 1432 necea
622 1353 776 1442 barbara,
801 1353 942 1432 usuriit.
968 1359 1075 1432 Etex
1091 1351 1325 1451 utinmotu·

302 1481 496 1582 supersunt,
512 1503 581 1556 non
605 1499 720 1556 omnet
741 1477 799 1575 qui
820 1501 905 1575 pure
927 1481 1076 1574 Latine,
1098 1479 1194 1555 iidem
1219 1481 1317 1554 bene

303 1605 426 1703 Latine
450 1605 656 1706 scripserunt
706 1605 808 1702 cujus
832 1603 1091 1704 r'eiexemplurn
1112 1623 1164 1680 est
1179 1605 1218 1679 in
1235 1603 1314 1679 Va·

305 1731 390 1810 lerio
412 1749 502 1808 vso.
521 1731 687 1810 Maximo.
738 1726 873 1805 Aureae
893 1730 999 1829 vulgo
1020 1731 1123 1806 aetati
1143 1729 1229 1804 haec
1243 1729 1317 1804 laur

306 1856 479 1936 tribuitur.
533 1857 631 1962 Quae
654 1853 788 1953 quidem
810 1872 902 1934 aetat
922 1877 1044 1932 aureae
1064 1869 1254 1955 cognomen
1269 1856 1318 1928 ob

307 1981 343 2062 id
369 1980 476 2078 ipsum
499 1979 659 2072 invenit,
690 1977 788 2074 quod·
804 2001 845 2056 ea
869 1983 958 2058 bene
979 1981 1141 2058 scribendi
1168 1981 1319 2058 studium

307 2105 453 2186 maxone
489 2105 615 2184 floruit
677 2103 744 2180 sed
775 2123 907 2198 tamen,
937 2105 1061 2184 srcunr
1091 2107 1164 2205 ejus
1197 2108 1320 2184 aetatis

309 2227 534 2329 scriptoribus
555 2228 758 2322 loquantur,
780 2229 869 2309 bene
888 2229 921 2308 se
941 2230 1030 2326 loqui
1060 2253 1183 2329 putant
1206 2234 1319 2310 homi·

309 2379 381 2445 nor.
432 2350 540 2452 Atqui
563 2349 702 2428 fuerunt
722 2349 894 2432 Ciceronis
914 2370 1022 2430 aetate
1046 2359 1251 2436 Amrfanius
1275 2357 1320 2435 ἃ

310 2481 396 2574 ⁰512.
409 2479 467 2580 qui
488 2480 574 2556 male
588 2474 787 2567 sci‘stieresst,
810 2475 851 2554 ἃ
872 2480 968 2577 pejus
984 2481 1083 2556 etiam
1098 2485 1201 2558 unito
1218 2467 1307 2560 mui-

311 2605 358 2694 rir
386 2603 610 2704 posteriorum
639 2617 787 2704 aetatum
809 2602 1047 2704 scriptoribus.
1097 2607 1187 2717 Quid
1213 2607 1324 2706 igitur

312 2749 367 2814 est
383 2733 470 2810 bene
492 2727 613 2810 latine
628 2725 799 2830 seribere?
822 2731 996 2809 Nimirum
1017 2733 1323 2808 hoc'duabuscon·

314 2859 445 2968 tinetur
465 2853 634 2963 partibus;
666 2855 787 2946 altera,
811 2857 933 2934 Latine
955 2859 1150 2951 scribendo,
1174 2877 1216 2933 ur
1239 2883 1320 2934 ver·

311 2985 357 3064 ba
377 2981 416 3062 tit
436 2975 636 3076 compofitio
657 2977 709 3062 ad·
721 2977 853 3078 linguae
873 2981 1015 3062 Latinae
1041 2983 1318 3061 consuetudinem

312 3107 545 3204 rationemque
567 3101 686 3180 exam
708 3103 791 3184 fint:
821 3107 944 3199 ritem,-
957 3109 1044 3186 bene
1060 3107 1250 3199 fouendo,
1276 3127 1318 3182 ut

311 3227 583 3334 perspicuitatis„
601 3213 820 3327 ‘surumm
861 3235 1103 3338 gravitatisque
1136 3233 1225 3312 ratio
1259 3233 1329 3310 ua·-

316 3359 447 3437 beatur.

360 3483 491 3579 Magoa
507 3479 630 3580 ubique
645 3485 910 3580 oportunior
921 3490 1004 3568 libro
1013 3489 1207 3567 Lafinutis
1215 3487 1320 3568 scien·

314 3603 425 3696 tia,in
442 3605 555 3704 primis
573 3608 644 3704 ejus
656 3611 872 3712 partimquae
892 3618 936 3694 ad
954 3615 1231 3716 compositionem
1245 3638 1323 3712 per-

308 3729 413 3813 tiuett
422 3731 571 3835 probiter
588 3734 714 3828 etiam,
724 3761 880 3846 opturata
895 3742 1066 3846 diligentia
1072 3739 1340 3837 ,rumentum-

1118 3913 1120 3920 ,
1242 3887 1329 3942 acu·
