2964 5252
346 439 404 522 ἰζ’
499 406 1245 510 aURIPIDISTRAcoED'rAE

349 625 407 683 tur
429 601 558 702 placide
582 599 667 678 infit.
703 657 726 694 ,‚
739 597 851 690 Audi,
876 597 1010 696 inquit,
1034 601 1176 691 mulier,
1207 619 1287 672 nec
1311 591 1381 676 tao·

357 755 416 806 um
438 727 528 828 apud
550 745 585 799 te
601 727 710 800 valeat
724 725 790 816 ira,
815 745 853 798 ιιι
870 747 944 818 me,
960 725 983 801 si
1000 727 1091 804 resta
1110 725 1176 804 tibi
1191 725 1378 820 suadeam,

349 855 525 934 inimicum
549 851 725 928 existimes.
776 849 942 945 Equidem
964 871 1020 946 te,
1044 875 1152 949 aqua
1178 871 1288 928 tanto
1307 855 1376 932 sam

351 981 519 1059 beneficio
541 975 703 1068 effecius,
736 977 867 1052 servare
892 997 1023 1076 paratus
1047 977 1140 1068 sum3
1178 997 1217 1050 at
1243 981 1374 1057 seareo·

352 1109 455 1197 tiam,
481 1105 576 1202 cuius
595 1104 713 1178 austor
734 1100 785 1177 fui
804 1102 979 1192 concioni,
1003 1125 1170 1176 revocare
1194 1121 1293 1202 torpe
1303 1125 1365 1184 est.

353 1235 457 1312 Haec
479 1229 605 1328 quippe
630 1227 807 1301 certissmra
823 1245 876 1300 est
898 1225 1093 1302 civitatibus
1116 1231 1220 1326 exitii
1238 1231 1362 1324 caussa,

353 1357 445 1458 quod
469 1355 533 1431 viri
558 1353 637 1427 boni
663 1351 837 1452 fortesque
859 1375 927 1428 noo
952 1353 1025 1449 pius
1048 1353 1164 1428 ferant
1190 1355 1291 1452 pretii
1311 1375 1358 1429 aa·

355 1509 422 1586 que
443 1478 577 1558 honoris
595 1477 784 1554 hominibus
801 1479 893 1554 malis
904 1479 942 1555 &
957 1481 1100 1578 ignavis.
1142 1482 1236 1577 Ergo
1251 1481 1361 1554 coien-

355 1611 420 1686 dus
446 1623 499 1679 est
521 1627 539 1676 a
564 1599 660 1676 nobis
685 1601 849 1696 Achilles,
873 1603 930 1702 qui
949 1629 1036 1680 unus
1054 1604 1360 1704 omniumioitior-

354 1733 523 1820 tissimus,
548 1725 595 1814 ,δι
617 1747 762 1800 mortem
781 1753 844 1826 pro
865 1732 973 1828 patria
994 1729 1152 1827 oppetiit.
1202 1733 1259 1806 An
1283 1752 1362 1804 vero

359 1855 552 1935 viventium
574 1855 756 1931 amicorum
779 1853 930 1928 habenda
952 1875 1004 1928 est
1026 1853 1133 1944 ratio,
1162 1873 1356 1929 mortuorum

360 1985 459 2060 nulia.
512 1981 634 2090 Quid?
665 1982 689 2056 sr
719 1983 779 2058 alia
808 1979 905 2054 nobis
934 1978 1144 2080 suscipienda
1170 1983 1212 2058 iit
1227 1978 1358 2070 militia,

360 2127 474 2182 nonne
498 2108 677 2202 plerosque
703 2129 777 2182 eam
801 2105 1047 2182 maceraturos
1071 2095 1195 2208 putee,
1226 2105 1357 2183 fivide·

360 2229 428 2305 rint
445 2227 621 2304 benefaom
639 2227 695 2301 sua
712 2249 949 2327 postmortem
966 2233 1157 2332 negieiium
1172 2233 1220 2309 iri.
1257 2228 1349 2327 liqui·

359 2354 439 2428 dem
459 2351 686 2428 aemmaosaro
708 2353 747 2431 oz
769 2355 906 2452 inopem
928 2353 1036 2432 vitam
1054 2361 1192 2438 libenter
1206 2361 1353 2470 tolerem·

359 2477 442 2554 dum
458 2499 535 2576 post
552 2477 653 2556 funus
666 2481 770 2580 gioria
785 2479 824 2557 ὅι
844 2480 972 2556 honore
986 2483 1081 2560 fruar.
1122 2489 1172 2562 At
1183 2483 1347 2558 'fortunam

358 2623 401 2680 tu
418 2619 511 2678 tuam
526 2603 675 2679 miseram
691 2605 892 2704 &iniquam
910 2629 1024 2683 vocas.
1066 2611 1170 2703 Sunt,
1192 2609 1279 2684 meae
1290 2605 1343 2680 mi·

362 2727 417 2819 hi,
442 2729 532 2827 apud
547 2753 608 2805 nos
624 2733 743 2829 Graiae
758 2731 911 2807 mulieres
927 2721 1019 2808 seirio
1032 2735 1227 2829 confeme,
1248 2755 1281 2808 te
1291 2753 1353 2806 nm
1444 2735 1445 2798 i

361 2855 473 2932 minus
496 2851 649 2928 miserae:
675 2856 751 2930 sunt
770 2857 901 2954 puellae
921 2857 1107 2935 fortissrmis
1122 2857 1351 2937 florentissimis·
1444 2909 1445 2990 Ν

362 3001 434 3077 que
457 2979 595 3052 orbatae
619 2979 1002 3080 conjugibum-qoorom
1027 3009 1169 3085 corpora
1191 2970 1350 3061 vestmin-

362 3123 508 3180 teremta
523 3103 633 3196 ferro,
657 3105 777 3178 iliacus
792 3109 879 3203 tegit
895 3111 1015 3208 pulvis.
1057 3115 1173 3218 Quare
1184 3131 1269 3210 age,
1289 3125 1352 3204 per·

361 3227 417 3304 fer
438 3230 529 3304 hune
553 3227 661 3303 casum
688 3229 771 3303 forti
791 3233 912 3310 anino.
959 3241 1038 3314 Nos
1061 3240 1084 3313 fr
1107 3259 1279 3337 perperam
1298 3231 1353 3329 agi·

361 3375 457 3444 mus,
482 3377 560 3430 cum
582 3353 658 3428 viro
680 3353 762 3430 forti
777 3359 868 3455 justa
888 3351 1104 3458 persolvimus
1118 3361 1280 3460 praemia,
1299 3357 1355 3434 fine

361 3501 425 3586 aros
443 3475 510 3554 hoc
525 3501 635 3554 errore
650 3478 727 3558 frui.
770 3485 846 3589 Vos
861 3484 950 3558 hunc
969 3509 1097 3562 morem
1114 3487 1276 3591 teneatis,
1295 3486 1355 3556 bar·

363 3599 454 3690 bari,
466 3619 518 3682 -ut
531 3603 693 3680 honorem
711 3609 836 3688 nulium
848 3610 995 3684 habeatis
1009 3611 1124 3686 amicis
1141 3611 1181 3686 &
1194 3611 1288 3697 viris,
1306 3603 1357 3702 qui

361 3727 489 3827 patriae
507 3729 619 3803 caussa
645 3732 750 3806 vitam
772 3733 1017 3830 profuderunr3
1043 3737 1090 3812 ita
1114 3736 1260 3811 Graecia
1273 3731 1359 3808 flore·

361 3851 434 3943 lait5
450 3875 512 3930 vos
534 3855 668 3971 iimiiem
690 3861 813 3936 vestris
837 3861 975 3936 consiliis
988 3861 1159 3944 fortunari]
1175 3850 1360 3937 habebitia''

285 4019 288 4026 ¹
356 3975 485 4062 Ultima
514 3979 640 4067 haecce
667 3984 840 4068 verba-ex
865 4009 983 4068 eorum
999 3983 1076 4074 iim't
1089 3985 1238 4094 genere,
1253 3983 1361 4090 quibua

382 4109 392 4124 '
1277 4100 1350 4185 aliod

1443 277 1446 422 i

1443 483 1446 600 Ι

1443 701 1446 792 ι
