2964 5252
710 285 717 323 l

721 345 730 368 u

248 543 583 626 exuuiis
597 549 972 686 musonium.-
1067 578 1124 682 23

101 723 150 801 Ι,
175 665 241 800 ΙΙΙ.
272 747 308 820 p
335 745 416 802 rin.
451 727 511 817 F,
543 746 668 826 eosque
693 722 842 800 imitatus
867 743 920 800 est
946 727 1116 826 Tragicuo

105 851 281 978 Romanus
304 849 392 948 apud
416 851 613 926 Ciceronem
640 851 742 930 Tusc.
770 853 807 945 Ι,
836 861 892 931 16.

117 1127 122 1164 .·
157 1057 278 1158 Adsum
293 1079 387 1157 orpus
401 1035 529 1140 ddvrnio
544 1064 724 1141 Acherunte
747 1069 805 1142 uis
827 1066 882 1167 uia
905 1041 1089 1164 altamque
1112 1062 1121 1084 ⁵

306 1190 426 1280 ardua,
532 1179 540 1194 ’

138 1313 218 1388 ·Prr
235 1307 405 1412 speluncas
414 1313 513 1414 saris
527 1317 663 1422 fimum
685 1318 826 1416 asperis,
848 1311 1073 1416 pendentibus,

155 1439 347 1529 Maxumir,
371 1442 426 1512 udi
448 1443 558 1546 rigida
581 1445 707 1550 constat·
720 1441 828 1541 crassa
845 1445 948 1536 caligo
962 1439 1113 1534 ipsuum

103 1631 269 1743 Virgilius
285 1645 387 1722 etiarn
395 1649 482 1724 Aen.
494 1649 562 1741 III,
576 1675 637 1744 49,
652 1645 740 1751 se'qu.
756 1633 956 1748 quamquam
971 1645 1116 1744 inPoly-

104 1755 180 1845 dori
195 1794 279 1846 nece
300 1773 450 1849 nonnihil
466 1773 507 1844 ab
521 1773 682 1871 Euripide
698 1775 885 1871 discrepat,
909 1791 1023 1850 tamen
1038 1769 1118 1866 ejus

102 1891 299 1972 imitationis
324 1899 516 1974 manifestas
542 1898 644 1972 habet
659 1917 766 1976 notas.
817 1903 874 1975 De
891 1898 941 1974 his·
957 1897 1118 1973 omnibus

101 2013 149 2096 nil
172 2021 303 2097 monuit
320 2025 549 2124 Musgravius.
599 2023 705 2133 Quod
727 2027 796 2102 non
816 2027 864 2100 itu
885 2024 1043 2110 dicimus,
1069 2039 1112 2106 ac

100 2145 127 2220 si
145 2148 395 2242 arbitraremur,
420 2149 491 2248 ejus
512 2149 715 2242 doiirinam,
740 2151 831 2250 quod
846 2149 984 2224 minime
1000 2141 1113 2220 credi·
1169 2205 1177 2218 .

101 2269 168 2345 bile
186 2292 259 2366 est,
276 2276 343 2351 hoe
359 2275 504 2374 fugisse:
522 2275 577 2350 sed
591 2293 631 2350 ut
647 2272 851 2370 intelligatur
864 2271 951 2345 ratio
962 2266 1111 2344 animad-

99 2397 289 2476 verlionum
303 2403 394 2498 ejus,
419 2402 538 2497 quibus
553 2401 714 2491 hoc‚·vei
725 2397 847 2482 unice,
871 2395 928 2466 vel
942 2393 1109 2477 maxime,

99 2519 196 2618 egit,
230 2543 271 2598 ut
294 2545 454 2620 corrupta
480 2523 673 2594 emendaret
696 2517 735 2591 dt
757 2515 895 2592 obscura
920 2515 1111 2590 illustraret.

98 2645 221 2740 Itaque
244 2647 433 2739 explicatur
454 2665 489 2717 v.
515 2664 545 2716 e.
563 2669 599 2718 v.
620 2667 655 2734 9.
683 2640 764 2738 quid
783 2640 824 2713 sit
847 2629 985 2718 elilim
1000 2631 1111 2745 illgr:

99 2803 136 2855 u.
165 2803 220 2874 13.
246 2767 264 2858 l
284 2779 431 2876 positum
444 2804 506 2874 pro
519 2779 556 2864 dl
568 2765 604 2876 δ’,
618 2809 655 2858 v.
675 2775 996 2890 roiglcpmpir
1012 2771 1107 2888 ὀρθοὶ

100 2903 171 2978 esse
187 2892 419 3001 a'ccipiendum
435 2929 498 3004 pro
513 2906 672 3000 terminis,
696 2909 754 2985 seu
771 2903 953 2996 columnis,
970 2903 1108 3001 quaein

98 3027 221 3104 finibus
244 3028 420 3128 regionum
446 3031 675 3126 ponebantur:
701 3061 735 3111 v.
761 3057 819 3128 53.
841 3031 899 3104 ubi
920 3029 1107 3126 Polydorus

103 3155 178 3247 ait,
226 3161 348 3232 Abram
378 3183 419 3232 sn
449 3161 607 3260 conspellu
637 3162 776 3255 morsis,
822 3171 920 3249 “23oe
953 3135 1029 3248 ‘lde
1058 3135 1110 3226 ll*

101 3286 174 3376 ivd
205 3291 321 3390 σκηνῖῐς
350 3289 485 3376 ‘nodet’
490 3289 749 3400 Αγαμεμνονος,
784 3301 1020 3404 corrigitut-
1053 3293 1108 3390 nde

103 3437 174 3558 ‘trgi
206 3442 321 3542 σκηνῖἷς
344 3435 456 3528 mlle.

18 3629 23 3636 ·
142 3598 368 3699 Progredior
390 3619 435 3675 eu
464 3599 727 3697 Agamemnonis
752 3599 902 3677 tentorio
933 3598 1109 3690 Hecuba,
1178 3607 1180 3610 ’

100 3727 214 3828 gravis
235 3725 356 3815 annis,
388 3723 557 3822 trepidans
580 3729 807 3824 exterrituque
834 3729 985 3817 somniis,
1022 3747 1107 3824 quae

101 3853 146 3928 ad
165 3854 315 3944 chorum,
332 3829 391 3950 dui
405 3867 458 3924 est
473 3872 518 3923 ex
528 3851 684 3947 Trojanis
699 3857 891 3933 mulieribus
907 3855 1002 3930 sociis
1018 3855 1106 3949 ejus·

100 3975 182 4053 dem
209 3978 437 4076 captivitatis,
448 3975 656 4080 eloquitur;
680 3987 836 4078 petitque
858 3982 946 4072 ab
925 4005 984 4064 ns,
1009 3997 1049 4050 ut
1072 3961 1131 4056 se

98 4101 231 4203 dicunt
244 4105 288 4188 ud
298 4105 404 4192 filum
416 4105 590 4210 Helenum
602 4121 662 4183 aut
676 4105 777 4190 filiun
793 4104 1005 4190 Cassandram
1014 4097 1108 4306 ‚hqui

96 4275 102 4300 .
132 4290 137 4302 .
324 4268 327 4273 ·
557 4233 588 4314 Β
610 4253 636 4317 2
1050 4245 1110 4302 tec
