2904 5248
146 439 696 634 ossea.nnour>rr.1.D
722 503 1122 610 MICHAEL18.95

102 699 313 802 compendio
331 692 501 794 quodam'
493 689 555 764 uti
585 633 766 774 voldisset,
793 685 860 758 tale
882 685 1047 784 elegisse,
1065 715 1110 770 ex

96 856 175 933 quo
189 827 353 926 lestorep,
372 823 408 896 in
424 815 565 892 historia
577 812 724 889 literaria
739 811 851 889 minus
864 813 1010 908 versati,
1033 839 1113 916 pm.

104 962 181 1038 sent
195 956 238 1029 de
262 951 564 1047 libriargumento
580 939 704 1017 rectius
717 938 880 1037 judicare.

151 1083 219 1160 Sed
237 1081 411 1155 redeamus
427 1073 469 1148 ad
486 1053 708 1147 Abutf‘edam.
758 1063 833 1139 Hic
844 1065 955 1163 igitur
969 1085 1040 1144 erat
1053 1093 1114 1150 va.

100 1213 161 1292 riis
184 1206 338 1286 subsrdris
350 1199 550 1292 instrudus,
574 1194 696 1296 quibus
711 1193 748 1268 in
767 1190 1014 1277 conscribenda
1027 1223 1114 1298 geo.

102 1339 249 1444 graphia
280 1331 516 1430 adjuvabatur.
574 1323 651 1422 lpse
682 1323 770 1398 ultra
792 1318 922 1435 viginti
937 1323 1111 1427 audieret,
1250 1417 1253 1426 Ι

99 1471 282 1564 plerosque
312 1455 548 1556 geographos,
575 1465 842 1540 commemorat,
867 1469 1014 1546 quornm
1041 1451 1112 1527 stu.

104 1593 201 1668 dium
217 1605 319 1684 atque
333 1579 550 1680 diligentiam
570 1577 715 1654 multum
733 1577 861 1653 fatetur
876 1577 938 1655 fibi
963 1577 1114 1676 profuis-

105 1719 165 1794 se:
184 1707 405 1816 (vidReisk.
421 1703 637 1818 prodidagm.
655 1701 699 1778 ad
724 1703 835 1800 Hagji
848 1703 944 1782 Chal.
962 1705 1115 1798 tabulae,

106 1871 145 1946 p.
183 1833 293 1942 230.)
319 1831 440 1931 quibus
469 1827 567 1904 libris
593 1829 640 1905 iic
670 1829 746 1904 fere
767 1829 842 1904 usus
857 1849 929 1924 est,
954 1849 993 1905 ut
1029 1853 1115 1930 quae

105 1969 166 2044 vel
205 1967 317 2041 minus
356 1972 557 2050 accurate,
603 1957 659 2032 vet
707 1979 829 2053 parum
867 1957 1040 2034 concinne
1075 1959 1112 2034 in

105 2096 174 2174 illis
222 2091 334 2167 essent
371 2085 523 2175 tradita,
557 2081 790 2172 emendaret,
837 2081 923 2156 dc
909 2109 947 2158 rn
992 2083 1113 2156 melio·

58 2215 62 2223 ’
92 2241 179 2294 rem
195 2217 351 2320 ordinem
366 2193 559 2310 redigeret,
576 2205 719 2282 meliora
742 2229 828 2281 vero
849 2206 931 2284 inde
948 2193 1115 2308 excerpe·
1232 2289 1236 2299 ,

102 2364 185 2436 ret,
216 2363 287 2417 non
316 2341 380 2438 per
403 2335 581 2435 plagium,
611 2324 696 2434 duae
724 2333 861 2408 illorum
886 2353 1016 2428 erant,
1051 2336 1114 2413 fibi

103 2471 301 2558 vindicans,
326 2466 384 2542 sed
408 2463 538 2563 singula
557 2460 600 2534 ad
621 2459 815 2536 auctoress
809 2481 869 2540 uos
883 2460 1004 2532 exacte
1020 2463 1114 2534 refe·

1 2637 3 2677 1
91 2617 190 2676 rens.
247 2597 404 2682 Verum,
428 2608 467 2662 ut
490 2588 535 2660 de
557 2587 630 2678 ejus
658 2579 801 2656 consilio
817 2583 944 2659 clarius
958 2583 1098 2661 constet

1 2765 2 2776 ι
97 2738 187 2828 age,
204 2735 427 2813 excerpamus
440 2707 663 2806 quaedamex
679 2703 751 2802 rpsa
762 2711 1001 2807 praefatione
1010 2722 1112 2836 quam

1 2896 2 2936 ς
88 2865 206 2928 ‘antea
229 2848 300 2944 jam
321 2837 476 2915 ediderat
497 2839 552 2936 Jo.
573 2831 821 2929 Hudsonus,
808 2860 846 2914 rn
867 2839 999 2938 Geogr.
1024 2837 1110 2916 min.

91 2996 127 3060 ἰ.
144 2981 216 3070 111,
241 2996 304 3050 nos
338 2987 425 3044 vero
454 2985 498 3037 ex
529 2957 653 3034 codice
685 2960 902 3060 Lugdunenii
933 2963 1112 3040 vertimus.
1194 2943 1195 2946 Ὺ

1 3121 2 3156 ³
97 3107 242 3205 „,Cum
267 3093 401 3193 inquit,
414 3085 636 3164 constitutum
651 3089 739 3166 mihi
756 3088 843 3166 esset
855 3065 1109 3190 geographiam

96 3227 333 3316 conscribere,
359 3220 397 3296 in
409 3241 475 3318 qua
492 3213 537 3289 de
553 3231 671 3289 natura
685 3212 802 3291 &situ
820 3215 1027 3314 regionum,
1052 3236 1109 3294 ur-

70 3357 229 3446 bium,
258 3347 432 3436 marium,
465 3339 665 3434 montium,
699 3341 840 3440 aliisque
867 3345 993 3439 rebus,
1020 3367 1107 3446 quae
1224 3337 1238 3376 ³

98 3482 141 3557 ad
159 3481 229 3554 hoc
243 3495 349 3574 genus
362 3469 563 3578 pertinent,
587 3471 701 3568 paullo
716 3469 853 3544 uberius
874 3447 1110 3568 exponerem,

97 3605 227 3682 nulium
247 3598 460 3699 reperiebam
483 3597 629 3686 librum,
655 3595 751 3694 cujus
771 3596 889 3672 audior
906 3596 1105 3674 idemmibi
1191 3587 1194 3596 ’

4 3779 7 3790 ·
88 3732 272 3812 'videretur
296 3723 471 3800 confilium
491 3701 657 3798 executus
679 3722 771 3817 esse,
795 3723 891 3822 'quod
912 3745 982 3823 ego
996 3723 1107 3798 susce-

1 3963 4 3971 ι
95 3883 235 3960 peram,
258 3851 297 3930 dt
312 3853 349 3928 in
361 3850 530 3950 plerisque
550 3849 656 3924 multa
672 3849 910 3928 defiderabam.
960 3848 1102 3926 Etenim
1239 3837 1240 3842 ¹

2 4076 6 4084 ,
95 3983 336 4074 ΙὶιιιῊιιιΙιιΙ,
360 3978 421 4053 ern
445 3975 568 4073 longus
591 3993 643 4048 est
667 3976 704 4051 in
730 3977 960 4056 describendis
979 3975 1098 4076 regio·

46 4115 176 4194 “num
201 4133 319 4191 natura
343 4101 561 4195 deteriore,
584 4120 698 4190 tamen
726 4105 1037 4203 erratplerumque
1061 4103 1100 4182 in

979 4223 1097 4300 ortho-
