2904 5248
275 490 279 499 2
384 419 476 546 nir
524 466 846 547 nnnnro:
1021 453 1102 589 Μ

97 654 206 758 pisse,
232 647 271 728 dr
285 643 402 722 senfim
421 641 556 740 prorsus
576 644 765 736 evanuisse.
815 645 940 740 Naro,
967 669 1007 730 ut
1029 657 1107 750 edis¹

99 782 181 860 roris
209 797 343 854 ιιιιιιιιιιι
365 771 525 864 verbis„
557 771 694 848 easdem
725 773 877 870 fabular,
895 771 934 852 ἃ
962 777 1107 874 fortasse

100 941 127 1007 ,·,
149 911 425 1010 plnres,„parare
452 897 558 976 facile
581 918 672 992 erat,
697 900 787 1001 stylo
808 901 963 998 jucundo
984 903 1023 984 dr
1037 907 1110 984 eles

101 1093 126 1134 „
148 1031 245 1136 ganti
269 1027 312 1130 (a
334 1027 487 1130 Bebrio)
506 1046 660 1120 ornatas,
684 1045 864 1127 metroque
886 1029 1108 1112 concinnator

101 1207 128 1260 ,·,
150 1157 353 1260 aptirsrrn05
378 1153 470 1251 quod
496 1151 575 1230 sane
597 1133 799 1253 non'minus
819 1159 961 1258 proprie
977 1165 1109 1262 Myrki-

100 1335 126 1383 „
150 1311 239 1377 rom,
264 1307 366 1382 quam
382 1281 474 1360 aliud
491 1283 683 1378 Hernicum,
708 1283 800 1362 eliud
819 1289 1031 1384 angrorum,
1046 1313 1110 1388 ap

101 1441 126 1508 ,·,
151 1413 277 1510 pollere
298 1412 392 1490 licet.
445 1410 606 1488 Tandem
631 1412 842 1514 sequioribus
859 1415 1002 1510 seculis,
1028 1441 1111 1498 euos

100 1582 126 1636 ,·,
150 1563 221 1616 non
243 1537 351 1616 modo
373 1559 595 1616 numerorum
620 1527 844 1616 metricorum
859 1538 1025 1635 suavitas,
1050 1542 1111 1627 sed

101 1719 129 1762 „
153 1668 257 1740 etiam
274 1663 388 1738 ornnis
402 1664 566 1740 orationis
581 1666 750 1766 elegantia
765 1665 919 1764 regressa
932 1668 1062 1766 jaceret
1076 1667 1137 1754 sit,
1242 1711 1247 1719 ·

102 1846 129 1890 „
153 1793 306 1892 ignota,
343 1808 534 1888 coeperunt
559 1787 719 1867 homines
741 1793 829 1900 male
853 1792 971 1870 feriati
995 1793 1113 1872 Babrii

104 1969 130 2015 „
154 1919 284 1998 fabulas
307 1917 344 1994 in
368 1921 504 2016 prosam
525 1917 709 2012 reducere,
735 1941 805 1996 non
833 1939 909 1994 earn
930 1917 968 1998 io
988 1945 1054 2022 qua
1073 1923 1116 2007 ab
1155 1929 1173 1972 '·

106 2101 136 2142 „
163 2044 304 2142 Aesopo
325 2039 366 2118 dc
394 2043 470 2120 aliis
491 2045 576 2118 oiim
605 2044 753 2143 scriptae
774 2043 873 2136 sunt,
898 2048 1117 2141 quodminus

104 2224 131 2269 „
154 2169 360 2273 plorandum
387 2169 475 2244 esset
488 2225 503 2264 ,
529 2168 588 2244 sed
611 2163 743 2266 qualern
771 2168 836 2266 ipsi
857 2193 924 2268 pro
959 2171 1117 2258 barbarie

105 2343 132 2392 „
156 2295 213 2372 sua
251 2295 422 2374 excudere
464 2313 693 2394 potuerunt..
721 2296 840 2396 Atque
871 2296 958 2372 hinc
990 2298 1118 2394 opinor

105 2477 136 2525 ‚,
160 2423 311 2528 accidit,
338 2440 375 2499 ut
396 2421 587 2498 fabularum
610 2421 761 2519 Aesopi,
787 2443 875 2516 quae
898 2444 919 2494 a
944 2421 1120 2510 veteribus
1276 2510 1280 2528 .

106 2608 135 2648 n
158 2569 413 2643 memorantur,
437 2548 524 2624 aliae
548 2547 586 2618 in
608 2544 704 2618 libris
726 2541 905 2620 hodiernis
926 2543 1120 2626 desideren-

108 2733 137 2774 „
162 2696 236 2764 tur,
264 2677 351 2746 aliae
389 2687 542 2744 mutatae
582 2667 750 2764 legantur,
801 2667 994 2766 Scriptores
1025 2669 1121 2755 enim

107 2854 138 2896 ‚,
163 2781 269 2874 nostri
291 2807 348 2874 eas
372 2795 480 2874 solum
496 2793 624 2870 fabulas
639 2816 720 2892 quas
736 2791 864 2885 libuit,
887 2791 927 2870 dr
944 2811 982 2868 ut
998 2781 1120 2898 libuit,

109 2983 136 3024 „
162 2941 353 3003 verterunt.
405 2923 619 3026 Quamquam
634 2915 725 2995 haud
745 2919 1038 3014 incredibilem,
1066 2923 1121 3024 ip-

108 3112 136 3153 „
161 3056 234 3130 sum
259 3051 420 3128 Babrium
443 3049 625 3140 nonnulla,
657 3071 743 3147 quae
767 3048 900 3126 scilicet
924 3047 1120 3147 desperavit

108 3239 135 3280 „
160 3185 301 3258 rrastota
316 3183 468 3254 nitescere
478 3173 592 3275 posse,
618 3173 814 3274 reliquisse,
838 3177 998 3256 nonnulla
1011 3176 1117 3262 etiam

112 3365 139 3406 ‚‚
165 3333 230 3408 pro
245 3303 389 3380 arbitrio
403 3295 630 3378 inmutasse?
968 3289 977 3306 ⁸

163 3435 289 3512 Seculo
303 3453 397 3508 nono
412 3427 563 3526 Ignatius
577 3427 766 3528 Magister,
779 3428 836 3506 seo
848 3410 1042 3522 Diaconos,
1058 3430 1119 3514 sub
1243 3433 1249 3456 ¹

113 3558 428 3647 nomineGabriae,
448 3555 540 3654 quod
557 3577 601 3630 ex
617 3579 781 3658 corrupto
789 3563 905 3636 Bobrir'
918 3579 1033 3636 ortum
1048 3577 1118 3652 est,

112 3688 230 3766 Babrii
250 3685 379 3763 fabulas
402 3683 439 3774 in
463 3681 619 3780 Jarnbica
640 3686 1013 3788 terrasticnrredegir,
1039 3713 1120 3790 qua·

114 3841 193 3893 rurn
208 3831 352 3915 quatuor
367 3809 406 3886 dc
424 3811 672 3910 quinquaginta
699 3815 736 3889 in
759 3813 928 3890 Neveleti
950 3816 1028 3892 sunt
1044 3817 1118 3892 edi·

109 3945 223 4042 tione.
275 3937 535 4056 Quadragesrnra
571 3937 702 4040 tertia,
737 3943 781 4020 de
805 3941 966 4024 Ln‘cinia
986 3941 1026 4020 ds
1050 3940 1120 4020 Hi·
1168 4031 1169 4034 p

79 4088 97 4140 ι
284 4141 286 4144 ,
396 4139 398 4142 .
942 4077 959 4102 “
1002 4065 1120 4148 rondi-
