2964 5252
257 463 355 586 T'nx
383 501 541 582 torn
575 505 612 582 ε.
642 501 1003 584 Musonium
1107 531 1154 610 ει

15 693 19 702 “
134 661 313 763 meliores.
346 683 459 792 Quam
476 681 620 756 caussam
635 683 706 780 ejus
724 681 773 756 rei
795 681 866 758 esse
881 683 1015 756 dicam?
1041 703 1154 762 utrum

15 857 17 866 x
137 811 327 886 iiberorum
356 808 489 907 ingenia
515 829 535 881 a
562 826 740 904 parentum
766 807 878 884 indole
900 810 1079 901 existunt,
1110 833 1153 889 an

150 937 404 1011 conformantur
437 932 681 1008 institutione?
720 934 870 1011 Omnino
901 935 988 1024 haud
1011 936 1156 1038 exiguus

15 1088 16 1094 ¹
148 1081 202 1134 est
219 1059 349 1136 fructur
364 1059 471 1134 bonae
487 1057 722 1152 iustitutionit3
739 1062 864 1159 quippe
878 1085 965 1161 quae
982 1062 1156 1138 scientiam

101 1168 114 1192 ‘
147 1208 259 1260 rerum
286 1185 446 1263 bonarum
464 1182 503 1260 ἃ
527 1186 684 1258 mnarum
703 1185 825 1264 adfert.
869 1189 937 1264 Sed
956 1187 1041 1264 haec
1064 1211 1156 1268 nunc

139 1335 234 1387 ‹vana
250 1310 290 1391 ἃ
311 1312 380 1388 fine
406 1309 554 1386 utilitate
569 1331 622 1384 est
644 1311 895 1410 contemplatio.
928 1297 1007 1386 'Tu
1027 1312 1099 1418 redi
1120 1312 1157 1388 in

149 1436 253 1512 castra
279 1437 464 1535 Talthybi,
496 1434 537 1512 ἃ
561 1435 616 1510 fac
639 1459 682 1511 ne
703 1437 776 1535 quis
799 1457 915 1538 tangat
936 1435 1058 1526 filiam,
1083 1459 1158 1510 eam
1287 1521 1289 1526 ,
1466 1501 1467 1508 ,

141 1561 214 1658 ipsa
232 1562 455 1659 comportata
473 1563 637 1638 continuo
653 1564 764 1639 adero.
812 1567 872 1640 Tu
889 1584 973 1637 vero
983 1617 996 1654 ,
1021 1559 1158 1651 ancilla,

146 1687 257 1760 abiud
278 1708 368 1760 mate
384 1685 423 1762 ὅ(
441 1709 560 1782 aquarn
574 1687 688 1782 adfer,
713 1713 779 1786 qua
801 1689 992 1786 supremum
1011 1689 1159 1784 Polyxe-

141 1835 212 1904 ‚rtae
230 1787 398 1886 iavacrum
413 1813 619 1910 impertiam:
645 1835 712 1912 ego
735 1837 755 1888 a
775 1813 931 1912 Trojanit
947 1813 1160 1902 mulieribus,

144 1937 323 2036 ,servitutis
345 1962 440 2014 meae
460 1937 582 2030 sociis,
613 1957 769 2014 ornatum
795 1963 993 2040 congeram,
1026 1939 1157 2040 siquid

147 2063 322 2174 domimum
338 2087 490 2166 quaeque
509 2067 606 2142 suum
628 2066 734 2140 latens
751 2065 919 2156 servavit,
944 2085 984 2140 ut
1007 2066 1159 2143 siminus

141 2190 418 2290 ,pro'dignitatm
448 2213 483 2267 ar
507 2189 571 2290 pro
591 2191 776 2280 facultate,
809 2191 897 2266 filiae
919 2191 1075 2265 instruam
1105 2189 1161 2265 fu·

147 2335 223 2393 nus.
274 2319 309 2391 O
330 2316 434 2390 fastus
458 2317 590 2414 generis
612 2315 650 2390 δι
667 2306 763 2390 auita'
782 2310 943 2388 felicitas!
972 2319 1031 2388 Tu
1044 2315 1157 2390 liberis

139 2443 334 2540 opibusque
362 2443 594 2518 florentissime
616 2442 777 2524 Priame,
810 2434 938 2531 &ego
962 2461 1049 2509 uxor
1073 2457 1158 2529 tua,
1182 2437 1184 2440 ’

141 2586 186 2652 nt
212 2569 352 2666 pristina
371 2567 469 2634 exuti
489 2559 643 2654 superbia
665 2557 708 2630 ad
729 2556 810 2630 nihil
830 2556 1028 2632 recidimus!
1063 2559 1159 2664 Quid

145 2707 199 2762 est
230 2688 322 2783 quod
354 2683 609 2760 intumescimus
638 2682 800 2782 gloriola,
822 2682 915 2756 alius
936 2681 1157 2780 divitiatum,

146 2811 228 2884 alius
249 2807 410 2900 honoris,
442 2830 553 2882 rerum
576 2789 848 2886 vanissimarum?
876 2808 966 2898 Hic,
990 2829 1045 2879 me
1065 2807 1158 2904 judi·
1256 2855 1258 2859 .
1368 2807 1372 2874 ζ

148 2958 211 3038 ce,
236 2955 288 3008 est
311 2933 551 3030 beatissrmus,
573 2933 631 3030 qui
654 2938 689 3012 in
712 2933 801 3011 diem
826 2933 893 3008 fine
916 2935 1004 3008 malo
1029 2933 1124 3030 degit
1133 2929 1155 2962 '³

146 3061 233 3136 Abit
263 3061 419 3136 Hecuba.
472 3061 601 3159 Chorus
624 3081 758 3136 carmen
777 3079 891 3136 cantat
913 3061 1049 3158 plenum
1073 3057 1158 3135 affe·

148 3187 244 3275 fius3
270 3185 364 3281 cujus
387 3204 620 3282 argumentum
636 3207 689 3262 est
715 3189 759 3262 de
778 3185 889 3264 caussa
913 3183 1011 3280 hujus
1027 3181 1159 3292 calami·
1192 3228 1196 3236 ·

148 3311 247 3400 tatis,
282 3327 367 3408 quae
389 3331 410 3384 a
431 3311 576 3406 Paride,
608 3313 747 3411 ejusque
775 3314 819 3388 de
848 3311 988 3388 Deabus
1006 3289 1160 3408 judicio,

152 3453 329 3534 repetitur.

205 3577 255 3653 V.
270 3597 352 3671 457.
375 3550 540 3670 Oiurguir
551 3554 684 3664 βιστεὶν,
701 3574 881 3678 corrigitur
895 3557 1000 3644 ficret
1018 3553 1158 3660 litorii,
1257 3609 1258 3619 ε

149 3699 222 3784 te.
241 3703 407 3803 hospitem,
432 3707 594 3780 moenum.
622 3707 671 3784 V.
689 3725 772 3797 470.
798 3701 837 3778 ἃ
853 3701 943 3800 sequ.
957 3723 1067 3778 metro
1081 3700 1154 3776 suc·

148 3827 305 3916 curritur.
327 3831 372 3906 V.
388 3840 471 3922 482.
486 3854 550 3929 pro
568 3813 779 3922 θεραπαῖναν,
797 3827 896 3906 metri
907 3826 1028 3918 caussa,
1039 3847 1156 3922 emen«.¹

145 3961 248 4066 datm
272 3947 450 4072 figuretur.
515 3971 568 4069 V.
601 3977 686 4067 489⁴
717 3963 778 4050 ubi
818 3963 1021 4066 Talthybius
1053 3957 1156 4052 dubi,

172 4156 178 4171 .
257 4141 260 4150 ·
1081 4102 1152 4186 tat,
