2964 5252
268 477 342 552 rx
367 475 525 568 amr.
552 471 971 582 smuscuavrr
1076 503 1120 580 η

122 653 180 730 nili
201 649 341 747 nullom
362 647 513 734 adhibito
534 646 706 746 Euripide.
756 647 827 757 Qui
847 649 985 747 quidem
1012 651 1121 748 aliquo

44 868 50 878 ,
120 783 207 860 libro
232 797 287 854 tot
322 797 367 848 ex
397 773 527 868 Medea
557 773 670 848 sumsit
696 774 814 848 versus
825 831 838 868 ,
879 797 919 850 ut
955 778 983 850 is
1005 777 1122 854 libera

121 903 255 980 festivis
281 900 470 976 hominibus
486 899 660 998 Chrysippi
678 885 1010 980 Medea‘vocarstur.
1054 903 1124 980 Sed

78 1015 88 1043 '
120 1055 142 1106 a
170 1025 354 1127 Chrysippo
375 1051 519 1132 omnes,
542 1027 599 1126 qui
625 1048 703 1102 eum
722 1027 828 1102 secuti
850 1028 954 1120 sunt,l
971 1027 1124 1126 pendent
1180 1063 1196 1086 ι

123 1151 234 1228 Stoici
248 1179 268 1256 ²:
292 1151 331 1228 dt
355 1151 423 1226 dici
449 1153 511 1230 virt
524 1171 667 1254 potest,
684 1143 790 1256 (μειῃιλ
798 1152 956 1252 frequens
979 1152 1021 1227 lit
1034 1152 1126 1251 apud

121 1301 182 1354 eos
204 1277 374 1376 Euripidis
397 1280 453 1354 vel
475 1280 685 1376 audomar,
709 1280 766 1368 vel
789 1279 950 1354 orationis
964 1279 1057 1354 color
1079 1302 1125 1356 ex

121 1426 165 1476 eo
185 1401 324 1494 dudlus3
349 1423 389 1504 ut
404 1403 465 1480 nist
481 1393 554 1504 quis
569 1406 641 1502 ejus
654 1404 840 1504 tragoedias
859 1405 968 1478 multo
982 1405 1042 1480 usu
1065 1407 1127 1480 tri·
1223 1415 1227 1426 '

120 1523 172 1605 tas
190 1529 327 1616 habeat,
354 1551 433 1602 eum
453 1529 589 1602 necesse
603 1529 643 1603 srt
660 1529 696 1603 in
717 1529 889 1606 sententiis
903 1553 1022 1605 eorum
1037 1531 1127 1606 haud

115 1655 234 1756 paucis
249 1677 307 1733 aut
323 1677 432 1730 errare
452 1673 511 1728 aut
528 1654 707 1756 caecutire.
759 1659 1001 1754 Jamomuium
1019 1651 1129 1732 omnis

116 1781 197 1858 aeui
221 1777 452 1880 Scriptorum,
484 1778 655 1880 doctrinae
676 1779 791 1878 copia,
822 1781 1008 1874 varietate,
1031 1805 1129 1880 prae-

120 1910 257 2019 stantia,
283 1929 384 1984 nemo
399 1925 451 1980 est
468 1904 722 2015 anteponendus
738 1905 926 2006 Plutarcho
974 1906 1050 2006 ¹Hic
1064 1927 1126 1980 ve·
1233 1895 1234 1903 ‘

119 2063 160 2112 ro
175 2061 273 2136 quam
293 2033 360 2109 fuit
379 2032 532 2130 Euripidi
547 2033 706 2109 deditus?
729 2055 829 2130 quam
848 2051 900 2106 est
921 2052 1015 2108 totus
1029 2030 1128 2108 Euri·

120 2165 267 2262 pideus‘?
291 2161 369 2235 Nos
383 2158 517 2258 quidem
534 2157 662 2258 saepius
676 2157 787 2232 mirari
801 2156 925 2246 subiit,
948 2159 1127 2254 plerosque

118 2286 287 2364 Plutarchi
309 2283 475 2379 editores,
499 2283 571 2379 ejus
590 2279 789 2356 emendandi
810 2281 1126 2380 interpretandique

116 2416 336 2514 praecipuum
360 2408 520 2505 fontem,
555 2407 775 2502 Euripidem,
807 2425 925 2499 parum
949 2404 1126 2500 cognitum

116 2524 426 2638 pertradlatumque
447 2530 624 2608 habuisse..

167 2667 288 2754 ltaque
317 2682 395 2730 cum
420 2654 455 2726 in
484 2651 645 2749 Euripide
678 2671 809 2732 tantum
840 2655 881 2731 stt
915 2672 1126 2730 momentum

116 2810 194 2862 cum
216 2786 258 2857 ad
274 2777 482 2876 antiquitatis
498 2751 689 2870 scientiam,
714 2798 787 2856 tum
804 2783 847 2856 ad
867 2781 1003 2856 aliarum
1023 2778 1125 2856 ratio·

117 2936 201 3012 nem,
213 2905 481 3005 disciplinarum,
501 2920 575 2980 tum
590 2903 632 2977 ad
651 2930 785 2982 omnem
797 2906 1003 2984 honestatem
1022 2922 1126 3003 atque

117 3035 386 3120 humanitatem,
421 3051 539 3128 magna
567 3031 725 3128 profeilo
759 3033 909 3108 habenda
938 3052 993 3107 est
1018 3030 1125 3130 gratia

105 3155 323 3260 ‚Musgrauio
341 3159 389 3234 V.
418 3159 481 3250 C.,
497 3152 597 3252 ‘quod
619 3157 719 3231 talem
740 3174 938 3256 tantumque
951 3157 1123 3232 amtorem

115 3287 301 3364 faciliorem
321 3280 568 3382 planioremque
600 3281 746 3356 reddidit
758 3281 808 3358 ad
831 3283 1003 3358 hominum
1027 3281 1125 3356 intel·

113 3410 296 3512 ligentiam.
354 3409 452 3514 Quae
474 3405 609 3506 quidem
634 3429 735 3508 opera
755 3429 855 3505 quam
873 3408 944 3485 vim
972 3407 1123 3484 laudem·

115 3556 184 3636 que
207 3533 354 3624 habeat,
389 3533 550 3630 deinceps
571 3553 591 3604 a
618 3527 713 3604 nobis
736 3551 937 3630 exponetur·
987 3535 1034 3627 Et
1053 3532 1123 3632 pri·

116 3684 211 3736 mum
232 3657 385 3735 universe
412 3657 456 3730 de
485 3655 595 3756 operis
623 3655 757 3749 forma,
797 3657 1045 3762 descriptione,
1083 3654 1123 3734 dt
1180 3693 1183 3702 ¹

26 3849 28 3854 .
113 3784 263 3864 subsidiis
283 3785 442 3860 librorum
464 3803 647 3874 veterum,
673 3783 792 3884 quibus
816 3781 889 3859 usus
911 3803 965 3858 est
989 3782 1122 3874 editor,

26 3939 30 3982 r
116 3909 324 3984 videbimus:
350 3908 718 4008 deinde,sagacitatem
731 3927 832 4008 atque
846 3907 1031 3985 dominam
1046 3907 1118 3982 edi-

26 4077 27 4082 ,
115 4036 228 4129 totis,
259 4057 344 4136 quae
367 4055 548 4158 cernuntur
571 4035 606 4114 in
629 4009 1039 4144 locomm⁸corruptorum
1069 4031 1118 4106 sa-

981 4155 1118 4234 natione

815 4289 836 4328 l
