2904 5248
744 439 758 448 .
886 384 899 448 'x

136 628 140 634 ,
218 529 573 622 ueutttnnt
618 511 997 648 nescujnec.
1071 555 1122 644 tr:
1190 481 1255 533 ⁷

448 815 455 824 .
613 755 665 838 u.

108 1003 450 1092 ABULFEDAE
469 1003 676 1118 Descriptio
686 1005 878 1116 Aegypti,
889 980 1047 1094 Arabiae
1067 1005 1141 1108 ἔθ’,

160 1147 314 1239 Latina.
374 1147 441 1238 Ex
470 1145 577 1232 cedite
594 1147 793 1256 Paristenfi
819 1147 955 1246 edidit,
976 1147 1117 1236 Latine
1211 1190 1215 1198 ·

117 1357 139 1382 ,.
163 1291 278 1372 verrit
303 1343 317 1384 ,
347 1303 449 1371 natas
485 1285 648 1398 adjecit,
680 1286 844 1400 Jeanaes
873 1287 1004 1372 David
1031 1289 1114 1372 Mr-

116 1495 122 1506 .
161 1431 321 1525 chatiis,
353 1427 486 1510 Stellae
517 1426 664 1512 Polaris
693 1427 850 1538 Eques,
882 1428 1022 1536 Regiae
1052 1430 1117 1512 M.

115 1569 402 1656 Britannicae
424 1566 555 1675 Consti·
513 1571 657 1650 itarius
688 1569 855 1668 eutices,
888 1568 940 1665 &⁹
958 1565 1115 1674 Prtffes-

119 1707 223 1818 ”sar
264 1707 504 1858 Philosophiae
532 1709 655 1793 Gaett
639 1707 818 1814 tiagtnflt.
881 1707 1118 1812 Geettingae,

120 1849 457 1951 17764
698 1895 703 1908 ·

105 2103 243 2260 Quam
272 2147 363 2254 apud
387 2175 507 2230 omnes
530 2174 653 2256 gentes
675 2155 821 2256 experta,
839 2149 915 2230 sunt
940 2155 1124 2263 literaturn'¹

103 2267 215 2388 studia
230 2280 379 2356 fatorum
397 2281 684 2374 vicissitudinem,
709 2279 854 2356 eandem
870 2279 1046 2358 subierunt
1062 2283 1119 2375 inq

102 2429 157 2484 ter
164 2409 304 2484 Arabes.
318 2409 363 2480 Et
372 2409 409 2484 iu
424 2403 536 2506 prima
552 2405 691 2503 quidem
704 2426 817 2480 aetate
827 2432 837 2480 ι
847 2431 924 2480 narn
934 2425 1050 2506 potest
1057 2405 1115 2479 hi·

101 2527 206 2644 storia
213 2537 363 2612 Arabum
377 2533 525 2610 literaria
543 2533 578 2604 in
593 2555 737 2626 quatuor
749 2527 859 2604 veluti
878 2545 1007 2602 aetates
1024 2529 1123 2642 haud·
1231 2589 1240 2614 .

101 2661 326 2751 incommode
335 2653 649 2750 distingui:primis
666 2649 1114 2748 igitur,anteMohamme·
1172 2660 1179 2670 “

101 2773 185 2864 dem
187 2779 425 2878 temporibus,
434 2772 587 2864 constat,
587 2793 745 2872 magnam
749 2797 821 2870 jam
830 2771 933 2848 [ursle
943 2777 1118 2862 lrtetarum

101 2913 349 3005 hominumque
369 2903 583 2976 literatorum
605 2898 734 2972 famam
765 2897 866 2998 atque
891 2903 1123 3016 existimatio·

101 3060 204 3125 nem3
230 3055 317 3132 quae
341 3049 456 3109 tamen
486 3027 686 3126 praesertim
725 3029 842 3106 Poetis
874 3009 1116 3134 deferebatur,

101 3159 194 3275 quod
209 3181 338 3258 genus,
363 3176 403 3232 ut
419 3155 508 3256 apud
519 3155 695 3246 Graecos,
720 3177 741 3226 e
756 3151 866 3232 dolus
879 3177 932 3232 est
948 3157 1115 3267 antiquis·

100 3285 240 3374 fimum,
264 3279 302 3354 ἃ
324 3305 469 3380 quorum
497 3279 619 3378 ingens
643 3301 716 3358 erat
741 3275 833 3356 hoc
817 3301 980 3392 tempore
995 3287 1111 3363 multi·

19 3401 32 3428 ‘
101 3409 212 3501 tudo,
237 3431 316 3481 cum
341 3407 427 3481 mira
448 3409 580 3508 ingenii
604 3405 805 3500 fertilitate,
831 3413 1115 3498 tumcarminum

101 3513 273 3636 elegantia
291 3551 392 3632 atque
406 3531 610 3608 sublimitate
625 3531 877 3630 praestantium.
903 3535 970 3610 Sed
977 3563 1115 3636 ,·prae

103 3681 156 3736 ter
173 3649 312 3754 Politen,
338 3660 478 3760 plurimi
493 3660 598 3735 etiam
620 3682 734 3756 erant,
760 3689 820 3762 qur
810 3661 878 3738 ad
901 3665 966 3739 alia
979 3664 1112 3742 studio·

104 3815 179 3866 rum
203 3811 332 3890 genera
348 3783 498 3861 animum
514 3807 777 3881 converterent,
800 3785 839 3890 &a
855 3789 940 3866 vel
928 3815 964 3868 tn
980 3816 1110 3892 augen·

103 3915 149 3994 da
189 3911 404 4041 ornandaque
443 3915 560 4012 lingua
597 3911 708 4012 patria
741 3915 926 4018 diligenter
956 3919 1112 3994 elebora-¹

102 4061 209 4138 reut,
234 4043 290 4122 vel
314 4039 357 4122 ad
385 4039 625 4157 eloquentiae
627 4041 763 4118 laudem
785 4047 1028 4132 eniterentur,
1039 4007 1113 4120 vel

315 4189 326 4200 ·
998 4169 1114 4246 rerunt
1173 4185 1175 4190 ’
