2904 5248
146 525 160 582 ‘³
173 545 351 624 ιιιειιιι.
377 489 594 624 nicorio.
618 545 647 624 ι
674 548 721 626 n.
745 539 988 625 ιιιιιιιιιιιι.
1057 567 1104 646 71
1221 583 1227 592 -
1320 587 1324 601 ·

147 723 217 800 Sed
242 743 319 796 curu
348 719 385 796 bi
409 717 599 820 Bentlejani
624 719 709 798 libri
725 723 877 824 anglice
895 723 1007 818 essent
1023 722 1102 802 scri·

96 851 176 952 pti,
199 847 313 938 nrulti,
339 845 399 944 qui
420 847 560 946 quidem
574 846 672 926 iiiarn
688 846 839 948 linguam
855 850 1018 928 nonsatis
1035 851 1103 928 eal·

99 979 279 1069 lereot,ab
295 997 425 1050 eoram<
436 975 584 1051 leclione
599 971 877 1072 prohibebantur.
903 979 987 1054 Hoc
1002 1001 1104 1068 curn,

88 1103 134 1182 dt
150 1103 231 1180 aliar
247 1101 400 1200 saepius,
416 1097 458 1176 dc
470 1100 639 1199 quondam
656 1100 955 1200 etiampraesente
970 1104 1105 1178 Leone·
1204 1150 1209 1160 x

95 1227 179 1327 pio,
203 1227 338 1305 doleret
359 1225 655 1322 Hemsterbuliur,
680 1230 850 1306 continuo
871 1229 929 1304 ille
952 1228 1042 1326 apud
1068 1227 1103 1300 se

94 1354 298 1447 constituit,
313 1353 418 1430 libros
432 1353 539 1429 hosce
554 1355 678 1432 Latine
692 1373 855 1454 vertere.-
865 1356 1002 1452 Atque,
1019 1379 1099 1430 cum

95 1481 166 1558 hac
187 1482 232 1556 de
254 1479 368 1559 caussa
381 1479 469 1578 ipsas
483 1481 670 1558 Phalaridis
684 1479 840 1579 cpistdlar
855 1483 1006 1580 legeret,
1034 1501 1103 1552 eas·

84 1607 183 1696 dem·
196 1629 335 1706 quoque
354 1607 470 1684 denuo
496 1609 623 1686 edendi
646 1609 822 1687 confilium
838 1609 943 1708 cepit.
999 1604 1105 1710 Quod
1146 1666 1150 1677 ,
1258 1660 1286 1716 ,⁴

88 1735 326 1822 audicimus,
351 1749 409 1824 ut,
433 1733 459 1808 sr
483 1735 543 1832 qui
568 1733 661 1812 forte
679 1737 864 1826 mirentur,
881 1736 1099 1831 Lennepium
1197 1729 1205 1746 '

92 1859 245 1938 studium
268 1879 483 1956 operamque.
497 1858 591 1934 suam
614 1861 651 1936 io
673 1857 841 1956 ejusmodi
862 1858 950 1936 libro
975 1856 1105 1955 posuis-
1197 1843 1208 1858 ’

83 1986 160 2085 ¹l'e,
184 1985 476 2082 biintelligant,
508 1983 726 2081 Lernepiuro
764 2002 836 2059 non
868 1982 1004 2080 huncce
1024 2002 1105 2078 prae

90 2113 255 2188 omnibus
283 2109 358 2184 aliis
390 2129 544 2186 veterum
567 2111 663 2186 libris
691 2105 923 2209 dignislimurn
937 2103 1103 2201 judicasse

43 2249 47 2256 ”
87 2235 129 2319 itt
158 2261 227 2334 quo
249 2237 455 2323 elaboraret,
479 2233 539 2309 sed
563 2236 641 2310 casu
659 2231 829 2321 delatum,
856 2227 1039 2328 paulatim,
1064 2245 1101 2300 ut

89 2361 151 2454 lit,
177 2361 224 2443 ad
246 2383 326 2442 eum
349 2361 542 2440 adhaesisse.
593 2363 787 2449 Ceterum,
820 2357 977 2453 suscepta
999 2355 1101 2430 semel

90 2486 270 2579 editione,
296 2507 393 2564 tanta
415 2511 492 2563 eam
512 2487 714 2574 exornavit,
740 2506 812 2557 non
833 2481 941 2580 soloin
958 2501 1038 2552 cura
1063 2479 1102 2552 dc
1231 2475 1234 2480 ’

85 2615 303 2715 diligentia,
329 2613 388 2718 led
407 2611 550 2706 ingenio
570 2603 674 2682 enam
689 2606 728 2682 da
744 2603 919 2696 dobirina,
942 2621 1102 2698 quantam

88 2743 155 2817 vix
178 2735 464 2836 praestantissimo
485 2755 529 2806 ex
547 2730 695 2834 antiquis
711 2731 800 2806 libro
820 2753 841 2803 a
857 2747 1027 2828 quoquam
1045 2728 1102 2802 ad·

87 2861 242 2940 bibitam
255 2858 427 2934 novimua.
474 2856 521 2930 Et
541 2855 691 2954 primurn
710 2857 875 2932 librorum
891 2854 1026 2948 copiam
1042 2856 1101 2928 ha·

89 2987 187 3076 buit,
212 3009 291 3082 quan
311 2961 483 3056 editoriurr
495 2978 670 3076 omnium,
696 3003 770 3060 tum
786 2981 989 3081 scriptorum
1005 2981 1097 3068 nilo,

88 3111 196 3192 trium
222 3107 469 3200 Leidenfiunr,
495 3107 643 3182 totidem
662 3109 973 3214 florentinorum,
999 3105 1098 3179 uniur

86 3227 450 3328 Palatino-Vaticani,
474 3232 513 3312 dt
529 3231 628 3308 unius
642 3219 831 3308 Britannici
847 3215 890 3307 eir
909 3231 1096 3308 bibliothe·
1203 3281 1205 3286 -

85 3387 131 3440 ca
147 3361 244 3460 regia
261 3359 478 3436 Corconiana.
525 3361 679 3458 Cumque
694 3359 751 3434 vcl
768 3357 977 3456 optimorum
996 3359 1097 3440 libror
1120 3379 1129 3404 l

69 3511 167 3562 ,rum
189 3487 320 3582 copia,
343 3483 383 3562 dt
416 3485 669 3584 diligenrirfirna
700 3481 896 3560 ohservatio
927 3488 1095 3562 variarum
1155 3500 1160 3514 ·
1213 3496 1215 3504 ’

85 3613 275 3694 lectionum
297 3609 346 3686 nil
370 3635 583 3713 magnopere
604 3613 738 3689 valeant
758 3612 803 3690 ad
822 3611 985 3688 editionis
998 3633 1094 3708 prac-

88 3737 247 3816 stantiarn
257 3737 339 3832 ,nist
352 3751 496 3817 a'curnen
507 3799 517 3833 ,
524 3739 706 3840 judicium,
720 3738 801 3814 nsua
810 3739 1022 3837 antiquitatis
1031 3801 1040 3832 ,
1049 3739 1090 3834 ,da

90 3865 229 3963 linguae
260 3863 412 3965 perfetta
438 3865 583 3942 scientia
610 3867 780 3958 accedat,
805 3865 892 3940 haec
916 3866 1032 3942 omnia
1053 3863 1091 3938 in
1187 3865 1195 3878 '

88 3990 273 4090 Lennepio
294 3990 344 4068 ita
365 3990 574 4088 extiterunt,
600 4013 639 4068 ut
654 3990 971 4068 Hernsterlrul‘ranae
984 3989 1090 4064 Valc-

88 4117 359 4222 kenarianatque
379 4116 580 4220 disciplinae
607 4117 908 4221 salubritaaatque
922 4117 1094 4194 excellen-
1233 4196 1235 4211 Ι

596 4246 675 4343 Ε4
1048 4237 1096 4317 tia
1202 4263 1204 4268 ·
