2938 5246
254 447 272 468 ’·
341 437 392 548 ιι
476 455 701 542 eonor
752 442 1220 576 risronnrrn·

241 723 244 726 ,
345 660 462 718 nostro
483 637 638 733 conflio,
663 661 736 715 eam
763 661 850 739 quae
869 638 1006 739 ingenio
1030 640 1253 746 dominaque
1279 671 1366 726 cen·

221 805 224 812 ·
342 765 444 844 setur.
495 767 624 862 Neque
647 788 731 840 vero
753 783 825 857 est,
848 765 939 862 quod
960 765 1004 839 de
1025 767 1099 867 ipso
1114 771 1242 870 Longo
1266 771 1365 848 dica·

341 917 437 984 mus,
462 893 558 990 cujus
579 891 665 965 nulla
693 891 782 990 apud
804 891 884 965 allos
900 891 1087 991 Scriptores
1109 913 1273 988 veteres,
1298 899 1360 997 qui
1452 909 1453 918 ’

319 1011 384 1092 aid
414 1036 563 1094 nostram
595 1011 742 1092 aetatem
774 1034 1027 1112 pervenerunt,
1067 1019 1185 1095 exstat-
1211 1026 1360 1105 mentio.

311 1145 472 1245 'Neque
514 1143 616 1218 etiarn
658 1129 788 1215 fabulae
829 1161 1062 1242 argtunentum
1101 1150 1355 1245 enarrabimus,

338 1271 466 1372 quippe
478 1267 570 1366 quod
593 1291 613 1342 a
634 1265 836 1365 paucissimis
863 1266 1072 1364 antiquatum
1093 1269 1258 1350 literanrm
1278 1275 1351 1352 stu·

340 1395 439 1471 'cliosu
470 1393 652 1494 ignorari,
679 1387 775 1469 nobis
806 1391 1005 1468 intellexisse
1042 1392 1207 1476 videmur.
1265 1405 1348 1479 Hoc

340 1543 446 1596 unmn
469 1525 663 1596 moneamus
680 1537 697 1595 ε·
722 1519 859 1594 minime
878 1535 946 1594 ¹nos
968 1517 1142 1616 poentere
1164 1527 1274 1600 nostri
1287 1529 1347 1625 ju·

337 1643 438 1738 dicii,
462 1645 554 1744 quod
575 1643 780 1744 'prodidimus
808 1659 905 1741 parte
927 1643 1074 1728 secunda
1102 1647 1196 1747 hujus
1219 1651 1344 1727 biblio·

337 1771 485 1861 thecae,
515 1771 552 1846 in
575 1769 715 1846 Achillis
747 1769 849 1850 Tam
879 1768 1040 1862 censura,
1074 1795 1151 1846 cum
1187 1775 1345 1876 Longum

336 1916 478 1996 propter
499 1896 687 1996 argumenti
710 1895 873 1972 ationem
894 1893 934 1972 tit
955 1894 1115 1972 orationis
1137 1897 1338 1995 bonitatem,

334 2044 355 2116 a
376 2021 578 2120 reliquorum
602 2021 817 2096 Eroticorum
830 2019 1094 2119 reprebeniione-
1110 2023 1340 2104 eximeremus.

218 2212 224 2223 ,
382 2143 501 2220 Editio
522 2147 607 2222 haec
624 2145 756 2224 duobus
777 2144 988 2220 continetur
991 2127 1239 2244 volmmffius,
1259 2179 1339 2252 quo.

333 2289 409 2347 rum
438 2267 473 2342 in
498 2262 605 2368 priori
629 2289 682 2345 est
718 2269 870 2348 Graecus
892 2279 1081 2354 cont'ex'tus
1112 2293 1192 2354 curn·
1218 2275 1335 2364 Latina

332 2381 512 2488 versione,
549 2419 648 2496 quam
681 2387 884 2472 Villoisonus
915 2417 960 2473 ex
992 2399 1127 2479 duabus
1141 2408 1337 2505 prioribus,

242 2557 244 2564 v
330 2509 634 2619 Jungennanniana
661 2500 704 2598 tt
722 2521 887 2598 Molliana
910 2515 1089 2620 conflauit,
1113 2533 1224 2610 multis
1246 2535 1330 2609 locis

301 2617 374 2720 'ad
402 2643 587 2722 sententiae
616 2642 800 2724 ventarent
807 2645 858 2726 bt
883 2651 1036 2728 meliores
1053 2654 1217 2732 lectiones
1243 2659 1331 2736 calbi-

329 2785 453 2868 garam
503 2771 642 2847 Graecis
655 2771 698 2848 ad
720 2775 855 2850 alteram
874 2779 1028 2876 paginam
1049 2785 1253 2879 respondent
1276 2786 1339 2906 La·

329 2889 420 2986 tina,
443 2893 500 2968 sed
522 2921 616 2972 novo
630 2903 744 2990 mole;
769 2887 844 2979 nam
867 2923 1017 3002 utraque
1023 2907 1084 2981 sub
1094 2909 1246 3020 eundem
1266 2885 1337 3012 qni·

327 3019 408 3094 'dem
433 3021 591 3097 obrutum
614 3025 758 3119 ordint,
790 3049 901 3129 neque
927 3047 1041 3109 tamen
1063 3015 1259 3132 communi,
1281 3041 1334 3116 seri

329 3143 554 3244 linquaeque
570 3151 746 3245 peculiari,
770 3157 1016 3240 continuantur
1033 3163 1226 3261 paginarum
1241 3165 1335 3244 serie„

324 3281 332 3296 '
376 3270 483 3347 Priori
513 3273 690 3350 volumine
715 3287 794 3376 post
816 3283 997 3419 epistolam
1022 3283 1065 3362 ari
1098 3292 1169 3366 Ser.
1200 3293 1339 3370 Dnoet'n

235 3423 239 3429 ·
329 3395 678 3493 Saxovinariensem,
672 3405 744 3478 -cui
774 3405 862 3482 lrber
893 3370 997 3486 hita
1017 3401 1219 3498 Villoisono
1247 3420 1339 3496 dita·

219 3556 222 3564 v
321 3529 385 3596 'tus
411 3541 489 3615 est,
523 3527 675 3624 pronitna
697 3527 848 3624 sequitur·
872 3537 1153 3633 praelationem
1182 3547 1338 3646 prolego-

317 3662 501 3723 merorum
522 3673 646 3727 nomen
673 3651 817 3739 inditum
834 3677 912 3750 εει,
940 3659 1136 3763 nonaginta
1132 3651 1220 3742 fere
1243 3671 1340 3770 pagi-

319 3775 453 3848 narum.
507 3777 620 3874 Hujus
641 3775 746 3877 priina
759 3793 986 3886 putansque
993 3793 1035 3867 ad
1059 3809 1157 3894 pag.
1169 3819 1228 3890 33.
1244 3819 1341 3873 con-

318 3897 465 3972 lumitur
485 3889 713 4022 disputatione
741 3907 784 3980 de
816 3914 1044 3992 recentiorum
1068 3917 1342 4015 sophistarum,

324 4019 364 4098 in
385 4033 528 4123 'quorum
553 4035 701 4111 aetatem
729 4033 868 4135 Eongus
896 4037 1036 4136 incidit,
1060 4043 1213 4142 tutione,
1237 4047 1341 4147 inge·

357 4175 360 4183 ¹
1258 4196 1340 4266 nro,
